3732 5622
351 313 519 376 cnavma
994 305 1057 374 408
1540 311 1702 371 CLAVDM

410 517 549 600 scripsi,
571 514 730 598 refellitur
744 515 931 580 testimoniis
944 533 1045 598 surpra
1058 513 1092 579 A
1106 520 1171 581 259
1192 514 1336 580 conlatis.
1367 513 1454 578 Vnde
1475 516 1611 596 apparet
1632 511 1702 576 baie

412 618 551 684 Aemilio
571 617 672 683 solum
694 619 729 682 in
750 617 817 682 ind.
840 618 860 682 l.
881 623 922 684 55
944 616 1063 683 Manis
1079 638 1275 700 praenomen
1300 616 1404 692 Imeii²
1427 619 1562 680 emaum
1583 634 1702 696 semiper

411 720 525 786 Paulli
552 720 689 785 orditum
717 741 791 786 esse.
830 720 895 788 sea
914 722 979 786 erbe
1000 722 1120 786 erravit
1141 725 1253 786 memor
1274 719 1390 784 indices
1409 719 1475 783 siue
1494 717 1546 781 bie
1563 716 1702 800 Lepidus

407 825 553 907 primum
573 845 609 888 re
626 845 702 888 uera
717 823 837 888 Luem
852 822 956 888 dictus
970 828 1086 906 postea
1106 822 1205 888 saleim
1221 842 1418 906 praenomen
1433 819 1547 885 Paulli
1566 819 1699 902 affluerit,

411 925 519 992 debuit
541 925 673 1002 libertis,
695 926 808 1007 artibus
831 947 1029 1008 praenomen
1049 924 1156 990 nobile
1180 945 1244 990 non
1273 924 1482 999 convertebat,
1507 941 1699 1005 praenomen

413 1029 504 1094 aliud
514 1031 549 1094 in
560 1033 652 1112 aetite
666 1047 726 1092 sua
740 1030 894 1092 ruentum
910 1028 1058 1105 tribuere,
1072 1033 1109 1091 ut
1123 1025 1591 1100 remansissemus,
1602 1023 1699 1108 Appii

409 1130 549 1214 Claudii,
574 1129 665 1196 Cossi
677 1129 808 1195 lentuli
828 1129 950 1196 libertis
971 1131 1046 1195 mss.
1078 1129 1190 1212 Itemre
1209 1132 1245 1196 in
1261 1151 1297 1196 re
1315 1129 1414 1194 dubia
1427 1130 1495 1192 reri
1506 1126 1698 1192 emmeram

408 1233 532 1298 uidetur
553 1231 703 1297 Paullum
721 1231 879 1315 lepidum
893 1237 970 1315 post
989 1232 1156 1298 Corneliae
1176 1238 1316 1306 mortem,
1340 1233 1482 1314 arrarnnis
1503 1233 1609 1294 aetate
1624 1249 1698 1311 pro-

407 1340 527 1400 uectum
547 1333 741 1399 Marcellam
763 1339 794 1398 et
812 1337 966 1400 minorem
982 1334 1108 1418 quidun
1128 1337 1164 1400 in
1184 1337 1420 1400 matrimonium
1443 1333 1578 1398 demisse
1614 1329 1698 1396 Nam

409 1437 447 1503 cle
470 1436 520 1504 M.
536 1437 676 1502 Aunilio
693 1437 816 1520 Lepido
837 1457 898 1502 cas.
918 1459 948 1504 a.
971 1443 992 1504 6
1006 1460 1043 1521 p.
1064 1436 1111 1514 C„
1134 1440 1187 1503 oui
1205 1458 1361 1520 mesanam
1377 1435 1490 1501 Paulli
1504 1454 1697 1518 praenomen

406 1561 609 1624 caynonierme
630 1540 792 1623 imbuitur,
821 1561 861 1606 ne
882 1545 1018 1624 propter
1046 1545 1219 1624 tarenorum
1246 1538 1371 1622 aridam
1398 1541 1540 1604 rationes
1561 1538 1698 1618 coaitare
1840 1556 1844 1591 ι

408 1642 489 1708 licet.
511 1679 554 1688 -
577 1643 738 1708 Minorem
768 1647 872 1707 autent
900 1643 1094 1708 Marcellam
1120 1643 1235 1710 Paulli
1260 1663 1391 1708 uaormn
1418 1642 1518 1724 fuisse
1545 1659 1584 1704 ec
1608 1637 1696 1703 titulo
1841 1684 1845 1743 ,

408 1747 475 1810 erus
496 1747 553 1828 aui
579 1750 812 1810 mormmentum
835 1745 1013 1812 Marcellae
1035 1745 1191 1812 dedicarat
1214 1747 1283 1811 veri
1306 1743 1410 1810 morale
1430 1743 1504 1828 lieri
1525 1741 1697 1806 observavit

406 1847 575 1914 Bormanon
604 1847 693 1931 apred
719 1847 949 1913 Mommsenum
978 1848 1000 1914 l.
1030 1847 1070 1914 l..·
1102 1847 1139 1916 Ο.
1170 1847 1329 1914 Claudius
1357 1843 1531 1912 Marcellae
1563 1843 1695 1908 minoris

406 1948 571 2032 lfibortus)
594 1949 710 2016 Phasis
732 1949 864 2016 decurio
887 1960 1131 2017 monumentum
1154 1950 1319 2016 dedicavit
1338 1960 1372 2015 et
1391 1949 1544 2014 decumae
1566 1943 1694 2033 epulum

407 2050 498 2118 dedit
512 2057 568 2119 etc.
611 2053 697 2118 Vnus
718 2053 798 2116 milri
816 2057 917 2118 restat
936 2053 1114 2136 sannatia,
1135 2053 1220 2136 quod
1233 2055 1349 2118 mirum
1366 2051 1498 2127 uidetur,
1521 2069 1603 2131 quae
1625 2053 1695 2113 tune

407 2159 497 2219 aetas
517 2174 582 2219 esse
603 2154 725 2219 solebat
745 2155 903 2237 eiryimem
924 2155 1109 2220 nubentium
1129 2156 1185 2238 (ef.
1201 2153 1430 2231 Friedldnder,
1448 2149 1694 2230 Darstellunaen

411 2276 471 2320 aius
486 2255 542 2321 der
551 2256 827 2340 Sidmmesebiclrte
836 2256 878 2321 1⁶
889 2279 925 2339 p.
936 2256 1018 2340 565),
1034 2256 1197 2322 mulimm
1211 2257 1423 2322 clarissimam
1438 2254 1548 2320 domus
1561 2254 1693 2336 impera

406 2359 509 2422 toriae
536 2359 650 2442 maini
673 2363 737 2424 tres
757 2358 825 2441 sere
851 2379 953 2424 annos
976 2365 1087 2424 natam
1109 2362 1252 2444 primum
1276 2361 1312 2424 in
1339 2357 1577 2424 matrimonium
1604 2355 1694 2421 eollo

408 2465 514 2525 catam
529 2479 603 2526 esse.
632 2458 787 2526 Fortasse
802 2461 902 2544 tatur
919 2463 1071 2526 oraritum
1085 2463 1152 2527 ram
1170 2462 1270 2528 aliem
1285 2466 1414 2545 experta
1432 2460 1549 2542 etipsa
1562 2457 1695 2522 iteratas

403 2565 534 2646 meptias
555 2583 626 2628 mem
647 2561 767 2628 Paullo
786 2565 872 2646 fecit

469 2665 662 2731 Marcellam
677 2666 742 2730 m‘ri
754 2665 840 2731 dacii
858 2667 918 2730 alii
938 2669 1091 2733 maiorem
1114 2668 1174 2733 alii
1193 2670 1346 2734 minorem
1367 2665 1484 2732 dicdum
1506 2665 1694 2746 colleycrmtl

403 2769 547 2851 mansisse
577 2768 627 2832 M.
658 2767 786 2832 Valerio
808 2768 983 2834 Messallae
1003 2769 1151 2836 Barbula
1179 2791 1240 2836 cos.
1264 2793 1295 2836 a.
1319 2775 1382 2837 742
1402 2800 1444 2824 =
1466 2773 1511 2836 12
1532 2789 1563 2833 a.
1583 2767 1619 2832 C.
1640 2769 1695 2850 qui

402 2871 438 2934 in
459 2870 625 2936 emundata
645 2875 788 2935 monas
810 2875 856 2936 est
880 2872 974 2955 (fasti
992 2871 1191 2958 Capitolini),
1217 2873 1301 2956 quood
1321 2873 1493 2940 Suetarmes
1512 2869 1630 2937 Claud.
1651 2874 1694 2936 26

403 2972 525 3038 rettulit
554 2972 728 3038 Claudium
757 2971 890 3038 duxisse
919 2973 1086 3040 Valeriam
1114 2976 1324 3042 Messalinam
1357 2974 1491 3041 Barbati
1524 2971 1693 3039 Moesallae

404 3074 588 3140 consobrini
611 3079 662 3140 sni
683 3073 793 3143 filiam.
838 3075 943 3159 Atque
969 3081 1079 3142 entant
1107 3077 1194 3142 tituli
1213 3099 1374 3144 seruorum
1396 3078 1640 3158 libertorumque
1659 3075 1693 3138 in

402 3183 602 3242 monumento
621 3177 800 3244 Marcellae
822 3184 853 3244 et
874 3179 924 3247 M.
945 3179 1067 3245 Valerii
1087 3179 1262 3246 Messallae
1283 3187 1313 3248 et
1336 3181 1482 3248 Valeriae
1498 3177 1694 3246 Messalinae

407 3279 459 3344 VI
469 3302 506 3362 p.
526 3284 599 3358 999,
629 3280 713 3345 unde
735 3279 969 3346 demonstratur
989 3281 1166 3348 Marcellos
1187 3285 1371 3350 coniunctas
1391 3284 1491 3366 fuisse
1512 3303 1582 3348 cum
1605 3281 1693 3346 donia

408 3383 531 3448 Valerii
557 3381 742 3448 Messallae.
786 3382 901 3467 Itaque
928 3385 997 3449 aeri
1022 3385 1126 3450 mmrle
1153 3392 1200 3451 est
1226 3387 1380 3452 minman
1402 3385 1595 3451 Marcellam
1618 3385 1694 3466 post

402 3483 515 3550 Paulli
542 3491 674 3551 mortem
701 3487 844 3569 mtpsrsse
874 3487 924 3552 M.
955 3487 1082 3553 Valerio
1114 3488 1289 3555 Messallae
1317 3489 1482 3567 Barbato‚
1507 3488 1604 3572 patri
1631 3486 1694 3571 filii

399 3587 603 3670 semiaminis,
624 3609 682 3652 aaa
706 3588 854 3653 Valeriae
877 3589 1073 3656 Messalinae
1090 3593 1202 3656 uxoris
1216 3591 1357 3660 Claudii.

337 3689 400 3754 867
424 3699 591 3754 CLAVDIA
601 3699 860 3756 MARCELLINA.
877 3691 978 3758 Tituli
990 3693 1193 3759 Veronerrsee:
1203 3697 1276 3778 riusa
1280 3697 1390 3778 pouit
1399 3697 1517 3760 marita
1526 3693 1642 3759 V3336
1648 3688 1692 3775 (1)

402 3796 476 3856 ante
499 3791 699 3874 adoptionem
720 3795 796 3871 eires,
818 3814 925 3859 socero
948 3794 1071 3860 Vsum
1082 3797 1141 3880 (2),
1164 3799 1195 3862 ei
1215 3797 1378 3863 dedicatm
1398 3803 1443 3862 est
1462 3799 1545 3863 3338
1563 3795 1619 3879 (3).

465 3893 516 3958 Ti.
539 3894 606 3960 filia
627 3900 649 3960 t.
671 3901 700 3961 1.
721 3901 754 3963 2.
777 3901 809 3974 3,
832 3919 917 3962 uxor
939 3898 1001 3982 [Ti.
1018 3898 1158 3983 Claudii]
1182 3899 1294 3986 Alpini
1317 3906 1339 3966 t.
1359 3907 1389 3978 1,
1411 3901 1467 3986 qui
1489 3910 1604 3985 postea
1624 3899 1690 3982 (1.)

400 3995 555 4062 Belliciua
578 3996 698 4062 Sollers
722 4004 743 4063 t.
765 4005 786 4063 3
807 4000 889 4082 (aide
910 4020 1010 4084 mtpra
1030 4002 1065 4066 B
1083 4003 1145 4080 85),
1168 4025 1270 4069 nurus
1293 4005 1344 4070 Ti.
1360 4001 1489 4069 Claudii
1505 4001 1689 4084 Augustani

401 4105 423 4166 t.
438 4103 472 4167 2.
488 4137 527 4145 -
551 4099 676 4164 Eadem
698 4099 837 4168 Claudia
855 4102 1049 4168 Marcelline
1069 4105 1104 4170 in
1127 4105 1239 4188 naulis
1257 4107 1394 4171 urbanis
1407 4104 1444 4171 X
1450 4103 1550 4169 veel
1572 4127 1601 4172 a.
1619 4107 1687 4186 123,

398 4205 461 4266 935
483 4223 511 4266 a
530 4203 602 4284 125,
624 4206 686 4268 936
706 4225 736 4267 a.
754 4205 823 4269 126.

335 4303 585 4368 enecassem
608 4313 811 4389 MARCIOLA,
842 4330 926 4371 uxor
954 4307 1005 4372 Ti.
1029 4307 1158 4375 Claudii
1189 4309 1327 4394 Paulini,
1359 4320 1462 4375 mater
1482 4310 1533 4375 Ti.
1562 4309 1691 4376 Claudii

398 4406 546 4471 Flaviani
568 4411 763 4472 mmorotm
782 4408 818 4472 in
840 4413 861 4473 t.
882 4408 1064 4492 Cibyratica
1084 4411 1149 4494 filii
1169 4409 1251 4478 919
1268 4413 1402 4478 meam
1425 4411 1499 4478 add.
1514 4441 1557 4466 =
1572 4413 1691 4478 Labas-

403 4508 618 4592 Waddinaton
639 4514 732 4576 1216.

332 4609 397 4674 869
419 4618 586 4675 abavum
615 4621 739 4675 Meum
768 4621 922 4677 MAXIMA
950 4623 1098 4679 mamma
1129 4625 1321 4700 SECVNDA,
1353 4615 1532 4682 clarissima
1560 4617 1689 4700 femina,

399 4734 483 4777 uxor
504 4714 542 4778 P.
563 4713 646 4778 Attii
666 4713 822 4779 Pudentis
845 4717 954 4781 Rufini
978 4715 1120 4783 Celeiani
1143 4718 1195 4785 VI
1210 4724 1301 4785 1379.

333 4813 398 4878 870
419 4812 558 4879 Claudia
588 4814 770 4898 Nerviana,
802 4839 885 4882 uxor
911 4819 950 4883 T.
972 4819 1091 4884 Licinii
1121 4821 1331 4905 Hierocletis3
1362 4823 1481 4888 Licinii
1510 4825 1689 4911 Hierocles,

398 4916 566 4982 Hieroclis
593 4917 732 4983 Paulina
760 4929 793 4984 et
821 4921 910 4986 Axia
938 4920 997 4985 filii
1027 4945 1139 4988 eorum
1170 4929 1190 4988 t.
1214 4924 1443 4992 Mauretaniae
1473 4925 1692 4997 Caeserriensis
