3732 5622
339 251 497 308 CLODIVS
980 246 1044 312 418
1526 253 1687 310 CLODIVS

461 466 542 533 Cum
560 466 667 534 Galba
681 467 722 532 ad
745 468 858 533 urbem
880 468 1079 552 adventaret,
1095 468 1313 556 Nymphidius
1330 467 1472 536 Sabinus
1487 468 1516 532 ei
1532 478 1690 534 terrorem

397 571 518 635 inicere
533 569 657 634 studuit
673 570 843 636 scribendo
859 571 1005 637 Macrum
1020 573 1052 636 in
1066 570 1178 636 Africa
1191 593 1291 637 naves
1305 571 1533 636 frumentarias
1548 573 1691 637 retinere

396 671 564 738 Plutarch.
588 672 609 738 l.
632 673 652 740 l.
675 679 724 738 13.
769 673 885 740 Calvia
907 673 1094 760 Crispinilla
1124 676 1156 738 in
1179 674 1325 738 Africam
1351 685 1553 756 transgressa
1575 685 1625 740 est
1646 675 1690 740 ed

397 774 616 859 instigandum
639 777 673 841 in
695 799 786 842 arma
811 777 958 842 Macrum
988 778 1104 842 famem
1134 777 1244 865 populi
1268 779 1404 842 Romani
1433 777 1519 843 haud
1551 776 1691 844 obscure

399 876 510 942 molita
530 878 604 944 Tae.
627 877 657 944 b.
677 884 707 957 1,
727 885 774 944 73.
819 879 918 944 Haud
941 879 1041 945 dubie
1063 903 1114 944 res
1136 879 1270 945 turbans
1293 881 1326 944 in
1348 879 1461 944 Africa
1483 903 1503 944 a
1524 877 1690 944 Trebonio

397 979 578 1046 Garutiano
602 981 693 1046 iussu
708 981 835 1048 Galbae
858 983 982 1046 occisus
1005 993 1054 1048 est
1071 982 1145 1047 Tac.
1160 982 1191 1047 b.
1208 988 1236 1059 1,
1255 988 1282 1047 7.
1298 987 1347 1046 11.
1362 987 1412 1060 37,
1435 981 1563 1049 Sueten.
1581 981 1622 1050 G.
1639 988 1688 1058 11,

396 1081 565 1148 Plutarch.
583 1083 623 1151 G.
640 1089 689 1150 15.

333 1185 396 1250 923
419 1195 452 1262 Q.
476 1194 636 1250 CLODIVS
659 1197 928 1252 MARCELLINVS
950 1209 1035 1252 anno
1062 1189 1122 1252 109
1152 1197 1319 1274 cooptatus
1343 1187 1377 1252 in
1399 1187 1563 1271 eollepinnr
1584 1207 1691 1252 saca·

397 1285 503 1352 dotum
522 1289 729 1371 nescioquod
749 1312 787 1354 er
809 1290 1017 1373 amplioribus
1042 1289 1205 1355 010003.

332 1389 396 1454 924
418 1389 604 1471 (Clodius‘l)
624 1391 798 1470 Maximus,
819 1403 912 1478 pater
926 1393 970 1458 M.
986 1391 1090 1458 Clodii
1112 1392 1250 1478 Pupieni
1266 1391 1411 1474 Maximi,
1436 1393 1492 1478 qui
1515 1394 1691 1478 imperavit

398 1513 482 1556 anne
505 1494 585 1576 ‘2383
616 1492 709 1558 faber
737 1494 893 1559 ferrarius
923 1506 960 1559 ut
982 1493 1129 1558 nonnulli
1152 1494 1273 1578 dieunt,
1304 1505 1340 1559 ut
1361 1493 1417 1558 alii
1438 1493 1618 1578 raedarium
1649 1517 1691 1560 ex

395 1595 505 1660 Prima
527 1617 629 1660 uxore
651 1599 794 1682 suscepit
815 1597 915 1662 filium
933 1599 988 1683 qui
1012 1600 1194 1683 imperavit,
1214 1598 1265 1662 eui
1289 1598 1404 1662 fratres
1421 1607 1577 1682 quattuor
1596 1600 1690 1684 pueri

395 1696 536 1779 fuerunt,
560 1709 713 1784 quattuor
735 1697 871 1786 puellae,
894 1701 951 1786 qui
974 1721 1084 1764 omnes
1108 1701 1193 1764 intra
1221 1698 1423 1785 pubertatem
1446 1701 1614 1784 perierunt
1634 1701 1690 1767 ait.

396 1799 540 1864 Maximi
560 1806 589 1865 et
611 1801 746 1866 Balbini
765 1805 794 1879 5,
818 1807 895 1869 1-2.

330 1902 392 1966 925
416 1911 447 1966 C.
472 1911 631 1968 CLODIVS
654 1913 827 1987 NVMMVS,
856 1903 893 1970 C.
917 1902 955 1988 f.,
980 1905 1067 1969 trilm
1090 1903 1232 1986 Maecia3
1264 1902 1413 1970 tribunus
1443 1903 1580 1988 legionis
1602 1905 1689 1970 XIII

394 2005 569 2089 Geminae,
602 2007 687 2071 Xvir
717 2005 858 2071 stlitibus
888 2006 1087 2087 iudicandis,
1118 2017 1271 2093 quaestor
1299 2007 1489 2092 provinciae
1512 2006 1629 2090 Asiae3
1659 2007 1689 2070 ei

394 2106 444 2190 [L.
462 2107 647 2192 Sterltinius
671 2108 891 2190 Quintilianus
913 2108 972 2194 [O]
996 2109 1161 2174 Curiatius
1184 2109 1350 2173 Maternus
1373 2108 1505 2175 Clodius
1528 2110 1689 2174 Nummus

394 2207 518 2274 Acilius
542 2209 658 2275 Strabo
682 2212 735 2295 (ef.
754 2211 790 2276 X
812 2211 904 2294 1436)
925 2211 1010 2276 filius
1035 2213 1142 2297 posuit
1163 2210 1229 2276 III
1244 2216 1308 2276 429
1330 2215 1351 2278 t.
1374 2210 1557 2294 Ephesium.

341 2347 383 2356 —
415 2321 447 2374 L.
472 2321 692 2378 STERTINIVS
717 2323 985 2391 QVINTILIANVS
1008 2323 1156 2378 ACILIVS
1180 2323 1323 2378 STRABO
1348 2323 1378 2380 C.
1396 2323 1594 2380 CVRIA'IIVS
1618 2325 1690 2378 Mn-

393 2423 541 2478 TERNVS
565 2425 722 2480 CLODIVS
746 2425 915 2484 NVMMVS.

329 2515 393 2580 926
416 2525 575 2582 CLODIVS
597 2526 743 2601 POLLIO,
766 2519 944 2603 praetorius
967 2519 1027 2601 vir,
1053 2519 1086 2582 in
1101 2539 1198 2603 quem
1221 2528 1269 2583 est
1290 2539 1406 2604 poema
1426 2517 1576 2596 Neronis
1600 2519 1690 2604 quod

394 2618 583 2684 inscribitur
604 2621 724 2685 Luscio
747 2621 873 2686 Sueten.
895 2619 1074 2685 Domitian.
1094 2626 1123 2684 1.

329 2720 392 2785 927
416 2731 574 2787 CLODIVS
591 2732 840 2805 POMPDIANVS,
866 2722 1043 2786 consularis
1059 2722 1187 2786 aedium
1203 2744 1369 2786 sacrarum
1385 2721 1689 2790 0201011045.

330 2824 392 2888 928
415 2823 461 2889 Μ.
484 2823 617 2890 Clodius
639 2825 831 2904 Postumus,
853 2827 1066 2911 epistrategus
1090 2823 1292 2906 (Thebaidis)
1316 2847 1401 2890 anno
1426 2828 1441 2890 l
1465 2847 1495 2910 p.
1513 2823 1548 2890 C.
1573 2847 1691 2890 00οι0-

392 2932 487 2991 ratnr
506 2927 559 2992 CI
559 2927 590 2993 C
611 2933 692 2994 4715
715 2934 736 2996 t.
763 2928 916 3012 Tentyrae
938 2933 1087 3011 rapertus

329 3029 392 3094 929
414 3039 453 3093 M.
478 3039 636 3095 CLODIVS
658 3040 842 3096 PVPIENVS
873 3031 949 3113 (Sive
972 3030 1184 3112 PVPIENIVS)
1205 3038 1377 3093 MAXIMVS
1402 3059 1442 3081 τε
1464 3037 1691 3094 IMPERATOR

395 3142 541 3198 CAESAR
563 3143 603 3197 M.
621 3143 779 3198 CLODIVS
802 3143 985 3197 PVPIENVS
1009 3141 1181 3196 MAXIMVS
1196 3141 1400 3196 AVGVSTVS.
1438 3131 1542 3196 Plena
1556 3132 1692 3196 nomina

394 3236 481 3300 titali
500 3237 679 3318 narnmiqae
700 3237 903 3319 inperatoris
924 3235 1076 3302 indicant.
1118 3234 1233 3299 Tituli:
1253 3255 1319 3298 ana
1335 3255 1404 3298 enni
1418 3232 1462 3300 D.
1484 3231 1594 3298 Caelio
1615 3233 1691 3299 Cal·

393 3337 465 3402 aino
487 3337 628 3402 Balbino
648 3338 792 3422 Anprnto
816 3344 845 3403 et
868 3337 917 3405 M.
940 3338 1081 3402 Antonio
1101 3335 1267 3402 Gordiano
1287 3335 1426 3401 Caesare
1446 3336 1633 3400 nominatur
1655 3339 1691 3402 in

393 3439 544 3503 narliariis
559 3439 786 3505 Mauretaniae
804 3440 896 3506 VIII
904 3445 1010 3506 10342
1025 3439 1080 3522 (1).
1102 3443 1202 3502 10343
1217 3440 1273 3522 (2).
1294 3442 1397 3503 10365
1411 3440 1429 3516 (.
1436 3436 1466 3519 )‚
1484 3436 1623 3520 Endera.
1641 3462 1690 3522 ep.

397 3546 425 3616 7,
442 3547 502 3605 000
518 3541 574 3625 (4).
597 3547 657 3607 075
672 3540 734 3624 (5),·
756 3544 886 3606 nentina
901 3542 1003 3624 pleno
1025 3541 1175 3606 extabant
1197 3542 1232 3604 in
1255 3540 1413 3617 munibat,
1436 3539 1528 3605 bodie
1549 3539 1696 3622 Papinii

397 3648 506 3708 entant
529 3649 557 3707 et
579 3648 660 3708 certe
682 3643 841 3727 descripta
862 3649 936 3709 sant
956 3645 992 3708 in
1014 3648 1034 3711 t.
1050 3649 1079 3710 3.
1095 3649 1125 3720 4,
1148 3643 1205 3707 nbi
1222 3643 1339 3706 dicitnr
1355 3642 1544 3728 Pupienius.
1583 3643 1695 3709 Plane

398 3745 502 3810 eodeni
525 3747 616 3811 niodo
634 3749 764 3811 nornine
779 3748 876 3811 trium
893 3749 1004 3829 posita
1018 3752 1108 3811 erant
1124 3745 1157 3808 in
1172 3745 1325 3810 miliariis
1341 3743 1565 3827 Cappadociae
1579 3743 1648 3809 III
1657 3745 1695 3815 S.

396 3853 486 3915 0913.
503 3853 593 3914 0934.
610 3853 699 3918 0930.
716 3855 796 3915 0953
809 3849 891 3913 niele
906 3849 1043 3932 300003,
1068 3850 1100 3912 in
1123 3849 1235 3929 quibas
1256 3847 1351 3926 (certe
1366 3849 1400 3910 in
1416 3850 1436 3909 t.
1453 3849 1544 3932 0953)
1559 3849 1696 3914 nentina

395 3951 538 4034 Pupieni
559 3956 587 4015 et
609 3949 746 4015 Balbini
762 3956 877 4034 postea
903 3970 997 4015 eram
1018 3953 1092 4014 sant
1113 3970 1219 4014 errore
1235 3947 1485 4031 prouincialium
1507 3949 1549 4029 ef.
1573 3949 1642 4014 ΙΙΙ
1656 3950 1694 4016 S.

392 4077 427 4137 p.
452 4057 549 4118 1252.
598 4051 772 4116 Praeterea
800 4053 929 4116 nentina
960 4049 1082 4114 nutribat
1110 4051 1183 4114 itan
1212 4051 1379 4114 coniuncta
1402 4071 1471 4113 cnm
1494 4049 1639 4114 Balbino
1662 4057 1695 4116 et

396 4153 563 4222 Gordiano
578 4173 725 4236 papyrus
745 4175 857 4237 praece
878 4153 1000 4234 scribta
1023 4151 1267 4234 Mr'ttbeilnnyen
1290 4173 1349 4216 uns
1364 4151 1419 4216 der
1432 4150 1620 4233 Sanrmlnny
1636 4153 1695 4217 der

397 4257 546 4340 Papprns
567 4255 747 4338 Errlrerrop
769 4257 894 4320 Borner
913 4255 962 4319 ΙΙ.
985 4255 1052 4318 III
1068 4275 1103 4336 p.
1127 4259 1179 4330 23,
1203 4254 1369 4318 abierint
1397 4253 1523 4339 Μάρκου
1548 4253 1692 4320 Κλωδίου

396 4361 575 4444 Πουπιηνοῦ.
627 4356 771 4438 Denique
794 4359 945 4440 priuatas
977 4361 1169 4420 niartoratnr
1198 4357 1233 4420 in
1262 4361 1282 4420 t.
1313 4355 1401 4439 filiae
1432 4355 1484 4420 VI
1500 4359 1588 4420 1087
1595 4377 1616 4420 0
1647 4357 1693 4440 (5)

393 4461 532 4545 Pupieni
554 4459 690 4522 Maximi
713 4481 740 4522 c.
757 4480 788 4525 v.
805 4481 870 4522 eos.
887 4459 930 4539 Π,
951 4462 981 4522 et
999 4458 1033 4522 in
1048 4461 1070 4521 t.
1087 4455 1244 4521 libertini
1257 4457 1398 4522 ridetur:
1419 4455 1475 4540 [0.]
1493 4457 1652 4538 (traditur
1667 4461 1693 4542 I)

396 4578 507 4629 cucero
529 4579 596 4625 rue
619 4578 646 4624 s.
668 4577 802 4625 nessaeo
824 4560 885 4625 IX
903 4563 993 4624 5705.

459 4663 500 4728 In
521 4663 657 4727 nauminia
676 4663 838 4726 aerimantia
852 4661 994 4726 Romani
1008 4660 1125 4725 dicitnr
1141 4659 1325 4742 plerumque
1340 4661 1384 4725 M.
1402 4659 1494 4726 Clod.
1511 4661 1693 4747 Pupienus,

394 4767 503 4831 rarius
519 4765 685 4848 Pupienus
702 4765 865 4828 Maximus
881 4763 1001 4828 Balbai
1017 4763 1087 4827 VII
1096 4783 1133 4844 p.
1148 4767 1211 4826 300
1225 4782 1299 4843 300,
1323 4761 1428 4827 Ceben
1448 4763 1494 4826 V²
1504 4785 1541 4844 p.
1557 4769 1595 4828 14
1606 4785 1697 4846 εο0.,·

396 4871 430 4934 in
450 4868 585 4932 nnnrrnis
599 4865 829 4930 Aterandrinis
846 4865 881 4932 A.
900 4865 935 4930 K.
953 4866 994 4930 bl.
1012 4864 1096 4930 Im.
1116 4863 1283 4952 lloumarbc
1299 4865 1369 4932 libe.
1389 4864 1564 4947 Catalopae
1588 4868 1628 4948 ο(
1643 4868 1695 4933 tlte

1834 10 1862 218 l
