3732 5622
181 309 348 367 clavom
509 335 513 342 ⁴
824 301 889 370 409
1372 314 1537 373 annuum

245 507 388 592 Goueptes
410 508 526 574 ratdres
549 509 586 573 de
609 507 802 574 l'Aeadtmie
827 507 881 575 des
908 511 1113 593 iumiprtious
1142 515 1172 574 et
1201 510 1294 576 belles
1323 510 1429 576 lettres
1452 515 1534 577 1889

240 633 277 694 p.
299 615 378 677 292.

178 711 237 778 871
264 723 432 777 GLAVDIA
450 721 625 779 OCTAVIA.
670 713 784 779 Tituli:
805 714 949 778 urlames
963 715 998 778 iu
1013 734 1093 778 arcu
1112 712 1246 782 Claudii
1261 714 1312 780 VI
1321 719 1385 782 921
1399 737 1430 780 u.
1445 722 1465 782 5
1480 715 1499 799 (
1506 717 1534 802 ),

241 816 299 880 uli
319 817 360 881 ol
380 818 472 882 initio
487 815 549 883 duo
567 835 675 880 uersus
692 817 827 898 periisse
845 816 993 881 dicuutur
1012 839 1033 880 a
1047 815 1227 893 Florentio,
1242 820 1298 900 qui
1313 839 1395 884 uuus
1409 818 1535 883 titulum

243 916 437 1000 dmerditun
455 919 529 984 olim
544 919 727 1001 desmmsit5
750 918 880 984 Samius
899 939 1012 1002 praece
1026 922 1162 1003 scm'ptus
1183 919 1314 996 Gutrtu,
1331 919 1534 1004 Descriptiou

243 1019 296 1084 des
317 1021 375 1086 iles
397 1021 435 1086 de
454 1020 586 1086 Patmos
608 1026 637 1086 ct
659 1020 697 1085 de
719 1020 834 1086 Samos
851 1043 886 1104 p.
901 1027 964 1088 215
987 1021 1052 1103 (2);
1079 1027 1273 1088 memoratur
1295 1025 1330 1089 iu
1356 1027 1376 1088 t.
1403 1023 1535 1088 libertae

243 1121 295 1187 VI
302 1127 386 1190 9615
400 1123 454 1208 (3),
477 1145 640 1189 seruorum
659 1123 711 1188 VI
717 1127 801 1189 5539
815 1123 869 1205 (6).
886 1128 971 1188 9037
982 1123 1038 1207 (7),
1056 1124 1188 1190 libertae
1202 1127 1316 1190 uictris
1329 1124 1380 1190 VI
1388 1130 1474 1190 8943
1488 1126 1533 1209 (8)

242 1231 272 1289 et
287 1229 414 1308 passim
438 1229 474 1292 iu
496 1229 577 1292 actis
598 1225 777 1292 Arvalium.
800 1261 843 1272 -
867 1225 1000 1292 Nummi
1020 1230 1087 1292 eius
1111 1230 1146 1292 iu
1172 1227 1303 1293 coloniis
1325 1230 1394 1293 uisi
1413 1227 1534 1294 Eclcleel

245 1326 296 1392 VI
306 1349 343 1411 p.
358 1331 423 1394 285
438 1348 493 1411 sq„
518 1325 622 1394 Ooleu
643 1327 684 1392 Ι8
704 1349 739 1411 p.
755 1332 821 1395 312
833 1348 899 1410 sqq.

306 1430 431 1496 Nomeu
450 1429 643 1514 emtilicium
659 1433 802 1515 positum
825 1435 870 1496 est
893 1433 927 1496 iu
950 1436 971 1496 t.
994 1436 1034 1508 2,·
1060 1451 1136 1496 mun
1161 1432 1261 1514 fuerit
1281 1433 1317 1498 ia
1339 1437 1359 1496 t.
1380 1436 1410 1510 1,
1434 1433 1532 1497 iacer-

244 1537 309 1598 tum
332 1537 387 1599 est.
425 1533 513 1598 Num
535 1554 574 1598 ea
593 1553 706 1598 aomar
726 1533 921 1616 aeutilicimu
942 1555 978 1598 re
999 1554 1074 1597 ocra
1093 1536 1235 1617 cesserit,
1258 1533 1403 1599 dualitati
1416 1539 1531 1617 potest,

241 1655 309 1699 curru
339 1637 374 1701 ia
402 1638 483 1701 actis
504 1634 674 1701 Arvalium
702 1655 824 1718 semper
851 1635 933 1700 uude
962 1635 1089 1700 dicatur
1110 1635 1257 1702 Octavia.
1303 1635 1368 1701 Sed
1395 1637 1532 1718 sortasse

239 1758 351 1802 uomcu
359 1742 532 1820 potamau
547 1738 672 1816 abiecit,
689 1742 861 1821 postquam
875 1739 911 1802 iu
926 1737 1026 1802 aliam
1038 1742 1160 1820 pentem
1175 1737 1330 1821 adaptata
1350 1743 1405 1804 cst.
1443 1738 1534 1821 Quod

238 1845 343 1905 autem
369 1843 405 1906 iu
427 1845 448 1906 t.
470 1844 492 1904 3
519 1845 713 1905 memoratur
737 1839 891 1924 Claudia,
923 1839 1081 1905 Octaviae
1109 1841 1177 1905 divi
1201 1839 1331 1907 Claudii
1357 1840 1380 1905 f.
1403 1840 1530 1924 liberta,

239 1941 363 2008 Peloris
384 1942 458 2008 iude
478 1941 560 2008 uilil
574 1943 612 2009 de
632 1942 793 2008 Claudiae
813 1945 938 2008 nomme
954 1942 1137 2008 eorecludme
1156 1942 1236 2020 licet,
1260 1945 1409 2025 atroaiam
1423 1949 1532 2009 uotum

238 2049 284 2108 est
317 2044 460 2110 mulieris
493 2045 622 2111 lelertos
654 2047 822 2128 arrepsisse
859 2065 971 2110 uacua
1002 2043 1200 2128 pmtilicium
1227 2047 1337 2128 patris
1359 2051 1530 2129 patronae.
1566 2043 1568 2050 ⁴

238 2146 396 2212 Ocuwiae
418 2146 513 2213 Caes.
530 2147 616 2232 Aug.
640 2147 662 2215 fi
685 2151 705 2214 l.
729 2152 758 2224 6,
780 2147 868 2230 Aug.
891 2145 912 2212 f.
937 2152 957 2212 t.
979 2151 1010 2224 7,
1034 2145 1127 2216 Caes.
1149 2147 1235 2232 Aug.
1259 2148 1369 2232 (uxor)
1392 2154 1414 2214 t.
1436 2153 1467 2215 8.
1490 2187 1529 2195 -

239 2249 377 2315 Octavia
398 2251 434 2317 iu
454 2253 592 2316 mammis
613 2255 643 2315 et
666 2249 754 2333 apud
773 2252 951 2334 scriptores.

302 2353 510 2438 Imperatoris
539 2350 667 2418 Claudii
698 2362 730 2416 et
752 2351 904 2418 Valeriae
929 2351 1125 2419 Messalinae
1154 2351 1222 2417 filia
1255 2353 1329 2420 Tac.
1352 2375 1383 2422 o.
1406 2358 1456 2430 11,
1478 2357 1528 2431 34,

238 2455 366 2520 Suetcu
387 2454 504 2521 Claud.
520 2459 573 2532 27,
595 2453 720 2538 Iosepl.
737 2459 802 2520 met.
819 2459 869 2533 15,
884 2460 915 2533 8,
932 2460 961 2520 1.
1002 2454 1053 2521 113
1076 2475 1159 2520 armo
1180 2455 1286 2522 uatcli
1306 2476 1370 2520 uou
1391 2461 1532 2534 euastat;

236 2581 266 2627 3.
288 2559 330 2624 62
351 2555 461 2644 puella
480 2559 635 2624 vicesimo
657 2559 771 2622 3313113
793 2577 878 2624 3333
900 2557 1020 2624 dieitur
1042 2558 1149 2623 occisa
1168 2558 1243 2624 Tac.
1263 2580 1293 2624 a.
1310 2563 1359 2635 14,
1375 2562 1425 2636 64,
1446 2558 1531 2623 uude

235 2665 316 2725 acto
331 2665 402 2726 erat
416 2681 446 2726 a.
461 2663 506 2725 42
519 2660 568 2725 uel
581 2665 631 2726 43.
666 2659 836 2726 Suetonius
852 2665 956 2725 autem
971 2681 1039 2725 uem
1055 2660 1192 2726 saecat:
1212 2660 1396 2743 (Claudius)
1412 2659 1530 2726 liberos

239 2762 311 2828 tulit
328 2801 367 2810 -
383 2799 425 2810 -
441 2784 483 2826 ex
497 2761 674 2828 Messalina
687 2762 859 2828 Octaviam
881 2772 914 2828 et
929 2762 1155 2828 Britannicum
1178 2761 1247 2844 (orci
1267 2783 1351 2828 auuo
1372 2767 1413 2827 41
1433 2768 1529 2829 uatus

236 2871 280 2932 est
295 2867 336 2949 cs.
353 2885 453 2948 supra
471 2886 504 2930 a.
520 2865 602 2948 666),
618 2867 686 2931 siue
702 2864 797 2931 dubio
812 2863 915 2950 filiam
927 2869 1008 2930 uatu
1023 2867 1174 2930 maiorem
1190 2863 1494 2942 circumclausa,
1510 2869 1530 2930 5

236 2973 352 3034 narrat
381 2968 527 3033 333341
554 2967 729 3032 Claudium
758 2989 827 3032 eam
851 2967 962 3032 Silano
985 2966 1212 3052 despondisse3
1241 2967 1324 3032 uude
1347 2966 1530 3050 lllepperdcy

236 3072 280 3139 ad
304 3070 378 3137 Tac.
403 3069 422 3134 l.
450 3069 472 3134 l.
494 3073 625 3136 coniecit
653 3071 797 3136 Tacitum
817 3071 980 3152 scripsisse
1003 3069 1266 3134 duoetvicesimo.
1313 3068 1470 3151 Vteuuque
1492 3070 1529 3134 de

234 3174 338 3240 cubis
368 3172 473 3237 Taciti
499 3171 678 3250 iudicatur,
709 3176 828 3237 eertum
856 3171 980 3237 oidetm
1007 3171 1173 3238 Octauiam
1201 3175 1275 3236 aute
1303 3171 1529 3238 Britaemicum

232 3282 345 3341 amaru
367 3293 441 3342 esse.

296 3378 394 3443 Anno
409 3378 449 3442 41
466 3376 626 3462 desponsa
641 3387 690 3442 est
704 3378 743 3442 L.
759 3377 853 3442 Iunio
868 3375 980 3443 Silano
996 3375 1191 3462 (Torquato)
1206 3375 1272 3442 Dio
1287 3381 1336 3454 60,
1351 3380 1382 3454 5,
1405 3376 1479 3442 Tae.
1496 3399 1526 3442 a.

234 3487 287 3558 12,
307 3485 338 3558 3,
363 3479 491 3546 Simiou.
508 3477 624 3544 illaad.
648 3485 701 3546 24.
720 3484 774 3546 27.
815 3478 912 3544 Anno
935 3480 976 3545 48
1006 3489 1145 3546 exeunte
1167 3476 1321 3544 Claudius
1344 3478 1528 3565 Agrippina

234 3585 418 3667 instigante,
443 3603 527 3668 quae
548 3583 679 3668 nuptias
700 3581 857 3647 Octaviae
879 3592 910 3646 et
931 3581 1071 3646 Neronis
1093 3579 1301 3665 moliebatur,
1325 3580 1523 3647 adfinitatem

235 3685 336 3752 Silani
357 3684 487 3752 diremit
505 3684 579 3751 Tac.
596 3705 625 3752 a.
641 3689 694 3762 12,
709 3690 740 3750 4.
761 3686 859 3751 Anno
877 3685 918 3750 49
941 3683 1096 3750 Claudius
1118 3707 1189 3750 eam
1211 3683 1332 3749 Neroni
1356 3684 1528 3772 despondit

233 3789 297 3857 ild.
320 3791 373 3866 12,
395 3792 425 3865 9,
448 3785 581 3854 Sueten.
602 3785 719 3854 Claud.
741 3792 788 3853 27
808 3796 840 3851 31
861 3788 894 3851 in
916 3784 1014 3851 aliam
1035 3797 1164 3871 gentem
1187 3784 1404 3872 adoptandam
1427 3785 1525 3870 dedit,

233 3915 274 3958 ne
289 3891 383 3958 fratri
397 3889 551 3975 adoptivo
567 3889 705 3955 nuberet
717 3888 785 3955 Dio
799 3894 849 3967 60,
865 3893 906 3954 33
919 3888 1082 3974 (tharas
1092 3889 1216 3971 11‚1a).
1240 3888 1338 3953 Anno
1349 3889 1391 3954 53
1405 3889 1526 3957 Neroni

233 3995 344 4082 nupsit
368 3993 442 4059 Tac.
460 4013 490 4060 a.
506 3997 559 4070 12,
574 3997 625 4071 68,
648 3993 775 4060 actm
800 3991 888 4058 Nero
911 3997 940 4057 7.
977 3991 1066 4057 11333
1089 3993 1152 4057 3113
1176 3990 1334 4058 Octaviae
1356 4001 1525 4056 consuetu-

230 4095 338 4162 dinem
361 4105 552 4181 aspernatus
574 4093 824 4180 corripientibus
846 4096 957 4160 amicis
979 4093 1129 4159 sufficere
1148 4093 1195 4160 illi
1218 4092 1336 4159 debere
1360 4092 1527 4179 respondit

233 4199 349 4265 uxoria
377 4208 567 4263 ornamenta
596 4199 685 4263 etin
707 4198 807 4262 Actes
828 4195 964 4263 libertae
986 4217 1128 4262 amorem
1150 4195 1301 4282 delapsus
1324 4206 1373 4261 est
1394 4196 1523 4261 Suelou.

234 4303 321 4369 Nero
334 4305 384 4386 35,
412 4301 487 4370 Tac.
503 4320 534 4366 a.
549 4306 600 4380 13,
616 4305 669 4370 12.
702 4300 858 4366 Dolorem
872 4301 960 4365 necis
976 4300 1156 4366 Britannici
1172 4299 1387 4366 dissimulavit
1405 4299 1479 4365 Tac.
1492 4321 1524 4364 o.

231 4410 346 4484 13,16.
386 4403 483 4470 Anno
506 4405 547 4470 62
569 4403 665 4487 Nero,
686 4413 724 4468 ut
744 4403 867 4488 nuptiis
887 4402 1059 4488 Poppaeae
1081 4402 1213 4468 domum
1235 4423 1371 4468 vacuam
1394 4401 1524 4486 1333331,

232 4507 402 4575 Octaviam
431 4504 558 4571 amoliri
587 4516 689 4592 parat,
721 4506 871 4592 quamvis
898 4503 1045 4569 modeste
1073 4514 1193 4589 ageret,
1216 4505 1347 4570 nomine
1367 4505 1468 4590 patris
1491 4514 1525 4570 et

232 4611 347 4677 studiis
369 4607 483 4696 populi
505 4609 643 4674 invisam
668 4608 733 4674 ild.
755 4612 806 4685 14,
828 4610 878 4672 59.
922 4606 1039 4692 Specie
1061 4606 1239 4673 sterilitatis
1261 4605 1355 4672 domo
1376 4605 1469 4693 pulsa
1492 4617 1525 4672 et

231 4715 264 4778 in
288 4711 499 4798 Campaniam
529 4712 671 4796 seposita
700 4720 749 4776 est
776 4709 888 4774 addita
915 4707 1049 4774 militari
1075 4710 1224 4776 custodia
1245 4709 1310 4777 ela.
1332 4713 1382 4788 14,
1404 4713 1522 4779 60-61.

230 4815 360 4882 Nerone
375 4826 509 4881 auctore
524 4815 682 4882 Anicetus
697 4813 833 4879 libertus
847 4812 1042 4878 adulterium
1066 4814 1135 4878 eius
1158 4811 1324 4878 confessus
1347 4821 1413 4895 est3
1435 4811 1522 4877 Nero

231 4917 335 4988 edicto
370 4927 553 5005 correptam
585 4916 694 4984 insula
727 4915 925 4983 Pandateria
953 4914 1069 4982 claruit
1099 4927 1132 4982 31
1160 4916 1273 5003 paucis
1302 4923 1377 5001 post
1404 4913 1522 4982 diebus
