3732 5630
288 300 521 356 CALPVRNIVS
931 289 994 354 280
1409 299 1641 355 CALPVRNIVS

352 497 496 582 callidus,
521 507 557 562 ut
582 497 623 562 ad
647 520 720 561 eum
744 496 909 560 ludentem
932 507 1178 561 concurreretur
1202 535 1239 543 —
1266 535 1304 543 —
1328 497 1643 582 magnificentissime

353 603 438 666 vixit
460 603 590 666 meritos
613 599 785 665 sublevare
807 601 919 684 inopes
947 621 988 663 ex
1011 609 1149 687 utroque
1178 601 1290 666 ordine
1320 601 1449 683 solitus,
1477 601 1519 665 de
1548 601 1641 688 plebe

352 725 429 768 vero
453 715 556 768 certos
577 713 737 790 quotquot
759 704 852 766 tannis
872 703 912 766 ad
934 713 1116 788 equestrem
1139 725 1269 768 censum
1292 704 1547 790 dignitatemque
1569 727 1640 790 pro·

351 808 471 872 vehere
492 807 587 871 sabel.
612 805 722 871 Veliae
742 806 786 870 (ul
808 806 876 869 qu.
900 806 919 872 l.
943 805 962 869 l.
1008 807 1050 871 Iu
1071 807 1250 871 uuiversum
1266 807 1478 889 praedicatur
1503 808 1641 872 eiruuiue

351 909 434 992 qtiod
451 911 637 988 inscribitur
649 910 864 992 panepyrious
886 909 999 972 iarerti
1020 909 1055 972 iu
1077 909 1234 974 Pisonem.

417 1013 453 1078 C.
470 1012 592 1077 Caesar
606 1013 734 1075 Liviam
752 1010 937 1076 Orestillam
954 1011 989 1077 C.
1008 1012 1117 1076 Pisoni
1135 1012 1318 1095 nubentem,
1339 1035 1412 1077 eum
1436 1013 1478 1076 ad
1500 1013 1639 1076 officium

353 1127 385 1181 et
408 1118 475 1202 ipse
499 1119 649 1198 venisset,
681 1115 721 1180 ad
745 1138 779 1178 se
801 1114 920 1178 deduci
945 1116 1120 1200 imperavit
1142 1118 1292 1202 intraque
1315 1138 1435 1203 pausos
1457 1116 1526 1180 dies
1549 1139 1640 1202 repu-

351 1219 472 1284 diatam
505 1217 634 1283 biennio
665 1229 737 1304 post
766 1216 942 1301 relegavit,
972 1218 1059 1303 quod
1089 1221 1243 1304 repetisse
1270 1241 1362 1283 usum
1395 1220 1509 1304 prioris
1536 1218 1639 1282 ruenti

357 1333 501 1408 tempore
523 1322 629 1385 medio
648 1321 819 1385 videbatur
835 1321 963 1384 Surloa.
985 1320 1087 1404 (labb.
1103 1323 1156 1388 25.
1194 1321 1345 1386 Cornelia
1360 1321 1511 1386 Orestina
1526 1343 1642 1407 sponsa

352 1427 381 1490 ei
403 1449 422 1490 a
445 1424 528 1490 Gaio
556 1423 696 1488 abducta
718 1432 782 1500 est,
815 1426 879 1509 πρὶν
903 1425 935 1487 δὲ
960 1423 1011 1487 δύο
1028 1430 1123 1508 μῆνας
1145 1425 1203 1507 tria
1226 1429 1255 1488 ei
1278 1424 1426 1489 Zonaras
1448 1429 1544 1508 11,1)
1565 1425 1642 1496 ἐξελ-

352 1531 415 1594 θεῖν
438 1528 625 1615 ἀμφοτέρους
648 1533 727 1612 σφᾶς
750 1531 791 1598 ὡς
817 1528 865 1590 καὶ
888 1526 1133 1612 συγγιγνομένους
1155 1531 1297 1610 ἀλλήλοις
1320 1529 1439 1614 ἐξώρισε
1463 1527 1527 1592 Dio
1548 1531 1596 1603 59,
1618 1531 1642 1590 8

351 1631 408 1694 sub
439 1651 522 1695 anuo
547 1634 597 1694 37.
644 1628 733 1694 AC.
758 1627 897 1694 Caesare
928 1640 1059 1713 repente
1089 1629 1250 1712 relegatus
1273 1642 1330 1714 est,
1364 1629 1450 1716 quod
1473 1641 1640 1695 eonsuetu-

352 1732 462 1798 diuem
476 1734 632 1820 pristinae
648 1735 760 1796 uxoris
776 1730 934 1796 abductae
951 1731 1009 1796 sibi
1027 1731 1068 1796 ab
1085 1734 1164 1816 ipso,
1177 1732 1295 1798 deiude
1310 1735 1463 1798 remissae
1478 1733 1642 1818 repetiisse

353 1835 600 1900 existimabatur
628 1835 722 1900 sabai.
747 1833 889 1900 Iiueoal.
919 1833 939 1898 l.
965 1834 984 1900 l.
1038 1834 1102 1899 Sed
1126 1835 1163 1902 C.
1187 1835 1383 1922 Calpurnius
1412 1837 1498 1902 inter
1528 1835 1641 1900 fratres

354 1938 491 2004 Arvales
514 1948 684 2024 cooptatus
707 1949 754 2001 est
782 1959 893 2000 mense
916 1936 1002 2000 Maio
1029 1961 1057 2001 a.
1081 1938 1131 2022 38,
1156 1937 1260 2003 adfuit
1282 1941 1315 2003 in
1337 1938 1474 2023 collegio
1497 1963 1524 2004 a.
1547 1939 1586 2004 38
1610 1947 1643 2002 et

352 2045 394 2108 to
418 2042 468 2108 VI
483 2046 583 2108 2028.
605 2045 690 2108 2030
713 2041 754 2122 cf.
777 2040 911 2122 preru.
935 2041 1031 2122 erupi.
1049 2045 1121 2124 31²·
1136 2046 1209 2108 324.
1259 2041 1344 2107 Vnde
1359 2047 1493 2126 apparet
1508 2040 1641 2105 Diouem

354 2144 392 2210 de
405 2151 540 2227 tenuiore
552 2144 753 2227 releputiouis
765 2163 896 2208 errasse.
918 2142 996 2206 Cum
1005 2145 1176 2225 probabile
1187 2147 1231 2208 sit
1241 2145 1379 2229 (collatis
1388 2146 1490 2210 verbis
1499 2145 1644 2210 Suetonii

353 2253 382 2312 et
411 2246 611 2330 scholiastae)
643 2247 789 2328 aouiuoes
817 2245 922 2310 eodem
951 2247 1018 2326 sere
1049 2253 1184 2329 tempore
1205 2253 1340 2330 propter
1365 2267 1456 2311 usuri
1477 2247 1643 2328 repetitum

351 2351 506 2434 reliqu-tos
528 2371 601 2428 essa,
624 2349 823 2414 statuendum
846 2354 890 2412 ret
913 2371 943 2413 u.
965 2355 1007 2413 38
1027 2352 1158 2432 nuptias
1179 2350 1286 2431 fuisse,
1312 2371 1341 2413 u.
1364 2355 1406 2414 40
1428 2347 1482 2431 (af.
1500 2349 1646 2414 Suetonii

352 2454 460 2535 uerba)
485 2454 632 2518 Pisoueru
655 2458 684 2516 et
705 2451 888 2517 Orestillam
910 2453 945 2516 iu
967 2451 1095 2516 erilium
1119 2458 1216 2520 auios.

422 2555 491 2622 Sub
522 2554 658 2621 Claudio
688 2557 853 2619 restitutus
884 2565 916 2617 et
944 2564 1017 2640 post
1050 2555 1252 2620 consulatum
1286 2563 1434 2619 matema
1466 2553 1644 2620 hereditate

354 2658 492 2722 donatus
516 2668 565 2722 est
585 2658 680 2722 sabol.
698 2657 839 2723 queuai.
861 2656 979 2721 Corasul
997 2655 1147 2735 suffectus
1163 2679 1246 2722 ortuo
1269 2659 1387 2722 lacero
1409 2658 1467 2721 sub
1488 2656 1645 2732 Claudia·

354 2762 414 2825 sub
440 2760 553 2824 eodem
576 2760 770 2824 Dalmatiam
801 2759 927 2842 legatus
958 2761 1058 2844 rexit,
1083 2765 1118 2824 ut
1141 2766 1223 2824 reete
1245 2762 1356 2843 empus
1378 2758 1579 2824 Dalmatiae
1602 2761 1645 2823 ud

355 2887 423 2928 ruiis
451 2865 620 2945 reseretur.
670 2865 791 2927 Romae
822 2862 883 2926 fuit
916 2872 1002 2926 certe
1032 2863 1107 2927 iude
1137 2864 1178 2928 ab
1207 2886 1236 2929 a.
1260 2864 1311 2940 57,
1343 2861 1477 2945 collegio
1508 2863 1645 2926 fratrum

353 2966 521 3032 Arvalium
546 2967 650 3032 adfuit
672 2991 700 3030 a.
717 2969 768 3032 57.
786 2968 837 3030 58.
854 2969 905 3034 59.
922 2969 972 3032 60.
993 2969 1034 3032 63
1059 2968 1109 3032 VI
1123 2972 1327 3034 aoso-2043.
1351 2971 1446 3034 2048.
1485 2968 1579 3032 Anno
1601 2970 1643 3032 62

354 3072 518 3135 Romanus
548 3071 696 3150 (libertus
725 3069 856 3152 quidum
888 3075 923 3133 ut
952 3070 1086 3151 ridetur)
1121 3073 1252 3136 seeretis
1286 3069 1564 3134 criminationibus
1599 3072 1644 3133 iu-

354 3184 528 3238 eusaverat
558 3174 713 3238 Senecam
747 3182 781 3236 ut
810 3172 847 3238 C.
873 3174 999 3237 Pisonis
1029 3175 1184 3258 aluisum,
1215 3173 1271 3238 sed
1302 3172 1443 3236 validius
1473 3196 1493 3238 a
1522 3171 1646 3238 Seneca

355 3277 466 3341 eodem
490 3277 625 3339 erimine
648 3275 815 3361 perculsus
838 3287 902 3358 est3
933 3275 1019 3340 uude
1043 3277 1153 3342 Pisoni
1185 3278 1279 3340 timor
1302 3285 1334 3340 et
1362 3285 1433 3340 orta
1455 3275 1643 3340 insidiarum

354 3381 387 3442 in
417 3379 577 3442 Neronem
607 3399 725 3462 magua
753 3377 852 3442 moles
884 3387 916 3441 et
939 3381 1137 3464 improspera
1165 3381 1238 3444 Tae.
1263 3403 1293 3444 a.
1317 3385 1369 3455 14,
1393 3383 1441 3445 65.
1486 3377 1581 3442 Anno
1604 3381 1645 3443 65

355 3492 470 3568 coepta
498 3479 593 3545 simul
624 3491 656 3544 et
686 3490 782 3545 auctu
811 3482 991 3546 coniuratio
1014 3505 1079 3567 qua
1102 3483 1188 3546 Nero
1213 3481 1394 3563 tolleretur,
1426 3482 1502 3545 Piso
1524 3481 1565 3545 ad
1588 3483 1645 3546 im·

357 3587 482 3670 perium
498 3583 697 3667 eveheretur,
723 3585 756 3648 in
772 3605 868 3668 quam
886 3587 1033 3648 certatim
1049 3589 1180 3650 nomina
1195 3585 1352 3650 dederant
1367 3594 1530 3648 senatores
1547 3606 1646 3670 eques

355 3686 446 3750 miles
470 3686 608 3751 feminae
630 3689 726 3750 etium
750 3708 822 3750 eum
847 3686 919 3750 odio
939 3687 1077 3751 Neronis
1095 3697 1161 3752 tum
1179 3689 1291 3753 favore
1307 3691 1339 3751 iu
1357 3687 1506 3752 Pisonem
1528 3688 1600 3753 Tur.
1614 3710 1645 3751 a.

356 3795 404 3868 15,
427 3795 544 3867 48-58,
568 3789 634 3854 Dio
657 3797 709 3866 02,
734 3797 787 3856 24.
833 3789 1065 3856 Coniuratioue
1096 3793 1224 3879 prodita
1247 3794 1321 3857 Piso
1351 3792 1438 3856 domi
1462 3813 1560 3854 venas
1590 3813 1646 3853 ex-

355 3892 467 3974 solvit3
506 3903 731 3958 testamentum
765 3893 867 3957 foedis
897 3893 1052 3958 adversus
1079 3895 1240 3959 Neronem
1271 3893 1514 3958 adulationibus
1543 3893 1646 3956 arbori

355 3997 468 4061 Atriae
492 3995 606 4063 Gallae
629 3996 740 4060 uxoris
763 3995 860 4079 dedit,
895 4019 992 4082 quam
1015 3997 1209 4080 degenerem
1233 4009 1265 4062 et
1287 3997 1355 4062 solu
1376 3999 1520 4084 eorporis
1542 3995 1649 4060 forma

356 4099 613 4162 eornmeudatam
644 4100 782 4162 Domitii
806 4087 926 4162 Silonis
958 4101 1053 4163 amiei
1082 4101 1284 4165 matrimonio
1314 4099 1493 4164 abstulerat
1518 4099 1590 4164 Tou.
1615 4120 1646 4164 a.

356 4207 405 4280 15,
422 4207 471 4268 50.
495 4239 536 4246 -
560 4201 757 4286 Calpurnius
780 4200 974 4268 Celerianus
998 4201 1085 4266 filius
1112 4204 1185 4269 Tae.
1208 4203 1238 4268 is.
1256 4209 1284 4278 4,
1302 4208 1351 4267 11.

421 4304 608 4368 Coniuratio
626 4303 800 4367 Pisoniana
815 4306 932 4386 parisis
949 4306 1118 4388 alliupitur
1134 4306 1262 4372 Saetosi.
1282 4305 1370 4370 Nero
1383 4309 1433 4382 36,
1452 4304 1505 4368 sit.
1522 4304 1652 4368 micui

358 4407 503 4472 Suriouii
516 4407 669 4487 reliquiae
685 4407 731 4470 (vl.
744 4405 976 4484 Reifferscheid
984 4429 1018 4489 p.
1031 4412 1081 4474 7⁸.
1113 4409 1177 4472 Hie
1193 4408 1273 4472 mibi
1286 4407 1511 4490 iutellepredus
1523 4405 1652 4470 eiciatur

356 4510 409 4572 rii.
426 4509 580 4573 Proreuui
596 4510 696 4592 Νέᾳ-νο
717 4515 746 4586 0,
763 4517 786 4576 2
803 4509 890 4574 ‘inde
913 4511 1001 4597 quod
1023 4510 1101 4575 latet
1118 4512 1259 4596 Vindex,
1283 4511 1368 4598 quod
1394 4512 1467 4575 Piso
1492 4511 1646 4574 naseitur'

355 4634 430 4676 uuiu
454 4612 530 4676 liaeo
550 4613 667 4694 referri
687 4633 750 4676 uou
767 4633 862 4694 posse
878 4614 921 4676 ud
936 4614 1091 4691 Pr'sooruv,
1116 4616 1172 4695 qui
1192 4616 1232 4678 ab
1251 4635 1314 4679 tirio
1335 4613 1490 4679 Trebellio
1505 4611 1652 4677 Pollione

330 4751 331 4754 κ
358 4714 474 4778 dieitur
503 4715 629 4778 rebellis
658 4721 769 4779 roribu·
796 4715 978 4782 Galliruiou
1009 4718 1162 4794 extitisse,
1195 4717 1304 4782 (learnt
1332 4717 1427 4780 uerba
1457 4716 1511 4778 eit.
1540 4712 1654 4778 Clodii

356 4817 472 4882 Albini
493 4822 545 4893 12,
571 4823 611 4880 10
636 4828 710 4880 ‘non
734 4839 805 4882 eom
835 4821 971 4900 gratiam
1004 4819 1081 4884 mihi
1109 4819 1243 4884 redditis
1267 4842 1365 4907 quam
1387 4820 1526 4882 uraiores
1548 4819 1651 4881 vestri

357 4931 469 4984 eontra
491 4921 697 4986 Pisonianam
720 4922 908 5004 factionem,
934 4945 1029 5008 quam
1054 4925 1129 4987 item
1150 4947 1208 5010 pro
1232 4925 1390 5006 Traiano,
1414 4943 1511 5008 quam
1544 4941 1654 5005 nuper

358 5036 469 5088 eontra
493 5023 647 5088 Avidium
672 5024 819 5089 Cassium
843 5028 1096 5109 praestiterunt&
