3758 5628
172 353 361 408 onsvnrvs
819 347 881 412 357
1346 359 1531 417 cnsvnrvs

238 551 339 614 torsias
365 555 472 615 atrum
497 552 604 632 suctus
624 554 667 616 ait
682 557 845 636 practura
865 556 994 636 functas
1016 577 1059 619 aa
1081 556 1122 620 ab
1145 557 1335 639 imperatore
1358 557 1532 623 Hadriano

238 651 379 718 adtectus
399 654 482 718 inter
498 655 696 736 proctom'm,
727 677 824 738 neque
853 677 891 720 err
914 657 1015 721 titulis
1037 679 1133 740 ireque
1163 661 1434 742 exscriptoribus
1457 683 1533 743 per-

237 756 380 838 spicitur.
427 755 518 820 Certe
537 759 724 839 praeterrita
745 759 823 844 ἦρχε
845 765 905 824 τῶν
929 759 1005 824 κατὰ
1025 763 1078 845 τὴν
1103 758 1196 826 Ἀσίαν
1220 761 1390 848 ἐλευθέρων
1414 763 1532 830 πόλεων

238 856 350 922 eodem
368 869 521 944 tempore,
546 881 609 944 quo
632 861 671 925 Τ.
687 861 803 925 Arrius
820 861 1006 926 Antoninus
1030 862 1098 947 (qui
1121 873 1232 948 postea
1253 866 1439 950 imperavit)
1463 889 1534 953 pro-

239 959 351 1024 consul
374 960 473 1025 Asiae
494 974 643 1046 praeerat
664 965 731 1026 rito
748 969 778 1028 4.
801 969 842 1028 17
861 964 902 1046 cf.
918 963 1072 1030 Pm‘tosrr.
1089 971 1117 1041 1,
1133 970 1186 1041 25,
1203 971 1261 1044 13;
1284 965 1411 1050 legatus
1434 969 1534 1051 igitur

239 1065 355 1128 missus
376 1062 419 1128 ad
441 1063 668 1147 corrigendum
691 1075 810 1130 statum
833 1068 1014 1131 civitatium
1037 1066 1212 1132 liberarum
1231 1069 1419 1152 provinciae
1434 1072 1532 1136 Asiae

239 1168 327 1231 circa
356 1189 386 1230 a.
410 1167 557 1233 resuta
609 1166 731 1232 Consul
760 1191 789 1233 a.
822 1169 882 1234 lta
912 1191 983 1233 eum
1015 1168 1052 1234 Ο.
1082 1169 1217 1235 Bellicio
1247 1172 1413 1258 Torquato
1442 1174 1531 1257 susti,

239 1269 393 1334 Philostr.
417 1274 445 1346 1,
470 1271 522 1346 25,
546 1274 601 1347 13,
626 1275 647 1334 t.
670 1275 708 1348 4,
740 1270 918 1336 consularis
941 1276 962 1339 t.
985 1277 1042 1350 34,
1071 1271 1196 1338 Gellius
1218 1278 1246 1350 1,
1269 1279 1302 1350 2,
1329 1280 1366 1353 1;
1387 1281 1416 1352 9,
1441 1281 1535 1356 2,1;

239 1377 404 1448 19,12,1.
446 1371 552 1436 Morte
576 1371 722 1455 Regillae
744 1375 856 1438 uxoris
879 1385 1056 1440 commotus
1079 1374 1197 1440 dicitur
1220 1376 1360 1462 δευτέραν
1383 1381 1533 1464 elipeum

238 1482 291 1561 τῆς
314 1479 425 1554 ὑπάτου
446 1479 543 1562 ἀρχῆς
563 1476 767 1562 ἀναβαλέσθαι
788 1477 856 1541 cito
878 1481 928 1553 19,
951 1498 1032 1559 qnae
1052 1478 1150 1542 cerba
1171 1479 1275 1542 ariano
1294 1480 1470 1562 perspicua
1491 1481 1535 1546 od

238 1580 389 1643 iteratam
421 1577 618 1640 sortitionem
643 1577 927 1659 proconmlotnnm
960 1579 1176 1644 cmunlorinm
1204 1580 1306 1645 Asiae
1341 1585 1370 1645 et
1398 1581 1535 1663 Africae
1585 1621 1588 1628 ·

239 1686 380 1764 spectare
400 1678 556 1764 videretur.

306 1783 488 1868 Imperator
515 1782 594 1846 Pius
623 1781 788 1846 Herodem
817 1785 1009 1866 magistrum
1039 1783 1083 1851 M.
1106 1783 1232 1849 Aurelii
1263 1795 1296 1850 et
1317 1785 1355 1850 L.
1378 1786 1457 1851 Veri
1488 1787 1533 1851 in-

240 1888 344 1951 stituit
366 1884 431 1950 Dio
455 1889 504 1961 71,
525 1887 574 1961 35,
598 1885 651 1950 cit.
677 1885 790 1950 Marci
810 1891 838 1962 4,
862 1891 894 1962 2,
923 1885 997 1950 Veri
1016 1892 1050 1963 2,
1072 1891 1102 1963 5,
1124 1888 1175 1952 Μ.
1190 1886 1343 1952 Aurelius
1365 1887 1409 1951 aa
1429 1887 1535 1954 Fron-

240 1997 341 2055 tonem
363 1992 391 2065 1,
415 1993 435 2054 6
449 2010 486 2072 p.
502 1993 552 2052 17.
602 1987 725 2052 Romae
753 1986 814 2053 sub
844 1988 903 2052 Pio
933 2011 1064 2053 causam
1094 1989 1179 2053 dixit
1207 1990 1455 2074 atrocissimam,
1490 1993 1535 2056 ‘in

243 2115 308 2178 qua
337 2090 511 2156 dicendum
542 2092 639 2172 (erat)
666 2089 707 2153 de
737 2089 921 2155 hominibus
950 2089 1061 2156 liberis
1091 2092 1266 2157 crudeliter
1293 2092 1473 2158 verberatis
1503 2104 1536 2158 et

241 2194 394 2279 spoliatis,
427 2214 490 2258 uno
513 2215 590 2256 vero
614 2193 709 2257 etiam
734 2193 848 2275 occis0,
881 2192 1054 2258 dicendum
1076 2192 1117 2257 de
1139 2193 1205 2258 filio
1229 2197 1326 2280 impio
1347 2206 1379 2259 et
1401 2218 1534 2281 precum

242 2308 449 2383 paternarum
471 2297 668 2359 immemore‘
693 2293 818 2360 Fronto
834 2317 870 2378 p.
887 2300 948 2375 42;
978 2318 1109 2360 causam
1130 2299 1196 2380 egit
1219 2296 1389 2362 Cornelius
1411 2299 1534 2364 Fronto

240 2403 410 2486 (patronus
433 2409 469 2462 ut
488 2398 619 2463 videtur
635 2399 857 2462 Demonstrati
875 2398 1034 2481 Petiliam,
1058 2420 1116 2486 pro
1132 2422 1198 2484 quo
1215 2401 1342 2464 tertiam
1358 2401 1535 2464 orationem

240 2505 272 2566 in
295 2499 543 2586 Asclepidotum
573 2501 728 2586 scriptam
755 2512 912 2566 memorat
941 2500 1066 2566 Fronto
1081 2523 1119 2584 p.
1138 2503 1220 2585 111),
1247 2503 1350 2567 acturi
1376 2503 1534 2569 Frontoni

242 2604 438 2669 videbantur
466 2601 644 2688 Capreolus
672 2614 704 2667 et
732 2603 918 2668 Marcianus
951 2618 982 2667 et
1004 2603 1165 2669 Villianus
1195 2604 1238 2670 id.
1255 2627 1292 2687 p.
1315 2611 1373 2684 43,·
1400 2627 1465 2690 qua
1495 2605 1535 2670 de

241 2729 338 2771 causa
352 2706 397 2771 M.
414 2704 567 2770 Aurelius
583 2719 615 2772 et
630 2707 751 2771 Fronto
771 2709 804 2770 in
819 2708 924 2771 vicem
946 2705 1070 2772 litteras
1093 2709 1292 2794 scripserunt
1314 2707 1358 2772 acl
1373 2708 1421 2773 M.
1443 2708 1534 2774 Ocea

239 2815 269 2888 3,
295 2815 376 2876 2-6.
428 2807 635 2894 Quamquam
664 2809 786 2874 Fronto
815 2809 856 2873 de
893 2831 931 2873 ea
961 2831 1060 2874 causa
1094 2811 1272 2874 orationem
1303 2811 1337 2874 in
1370 2810 1535 2896 publicum

241 2915 406 2994 emiserat,
439 2923 550 2996 postea
577 2912 727 2976 Herodes
758 2913 787 2976 ei
816 2911 1043 2977 reconciliatus
1071 2923 1119 2976 est
1140 2911 1264 2977 Fronto
1286 2912 1331 2978 ort
1352 2912 1402 2980 Μ.
1423 2913 1535 2978 Aurel.

242 3015 333 3082 Caes,
347 3019 419 3092 4,2
434 3037 470 3097 p.
486 3020 535 3092 61,
559 3013 746 3079 adeuntem
761 3016 836 3098 imp.
850 3021 883 3092 2,
902 3019 924 3078 8
939 3037 976 3097 p.
992 3020 1061 3092 111,
1080 3014 1123 3079 ool
1137 3015 1175 3080 L.
1201 3014 1314 3079 Verum
1328 3020 1361 3092 2,
1378 3020 1398 3081 9
1414 3037 1450 3097 p.
1463 3019 1534 3084 138.

244 3117 330 3184 Vnde
358 3117 427 3182 ceri
453 3117 568 3181 similis
594 3122 639 3181 cst
665 3119 848 3182 coniectura
872 3117 1046 3182 Nicbnlrrii
1066 3116 1111 3181 od
1131 3117 1289 3182 Herodem
1312 3117 1537 3183 cmrsolomtum

238 3222 404 3304 scripsisse
415 3219 611 3284 Frontonem
629 3220 797 3303 cpr'atnlom
808 3243 967 3304 praecum,
984 3222 1073 3285 cuins
1088 3225 1197 3285 entant
1212 3222 1393 3303 froprncnto
1411 3244 1446 3304 p.
1459 3227 1534 3290 243.

304 3322 388 3388 Cum
410 3322 469 3386 Pio
492 3323 672 3407 imperante
694 3325 726 3386 in
751 3323 922 3389 Graeciam
945 3345 1095 3387 reversus
1118 3334 1218 3400 esset,
1243 3324 1430 3388 inimicitiae
1451 3323 1535 3387 inter

241 3449 311 3491 eum
340 3437 373 3489 et
398 3423 594 3506 Quinctilios
621 3437 710 3490 ortae
738 3437 814 3491 sunt
842 3427 909 3490 cito
930 3429 983 3491 24.
1006 3429 1059 3502 25,
1088 3425 1169 3491 ὁπότ’
1194 3427 1287 3512 ἄμφω
1310 3433 1363 3510 τῆς
1385 3424 1535 3497 Ἑλλάδος

239 3529 381 3616 ἡρχέτην,
397 3527 516 3592 scilicet
529 3549 600 3592 mm
615 3527 689 3595 Ser.
709 3528 882 3610 Quinctilio
901 3527 1066 3593 Contione
1082 3532 1111 3592 ct
1127 3527 1201 3594 Ser.
1218 3527 1390 3608 Quinctilio
1409 3527 1534 3592 Valerio

242 3632 389 3697 Monimo
411 3631 588 3712 fratribus,
616 3653 748 3713 quornm
775 3631 827 3695 lu'c
854 3631 974 3713 topatus
997 3631 1185 3714 provinciae
1206 3629 1353 3695 Achaiae
1373 3630 1438 3712 snit
1460 3629 1535 3696 CIL

240 3735 298 3800 XI
302 3734 434 3816 Vama,
458 3731 550 3797 illum
565 3734 786 3816 proceritatem
808 3735 906 3816 fuisse
921 3733 1106 3817 ponendam
1119 3739 1173 3801 cst.
1204 3733 1462 3813 Atheniensium,
1477 3735 1534 3818 qui

240 3836 457 3900 dominatione
479 3834 620 3900 Herodis
643 3837 745 3921 pressi
768 3834 829 3899 sibi
852 3835 1056 3918 videbantur,
1080 3837 1306 3900 Demostratus
1329 3837 1534 3918 Praxagoras

241 3938 452 4004 Mamertinus
475 3934 596 4022 aliique
618 3936 727 4022 plures
750 3937 928 4002 adversarii
950 3937 1074 4003 Herodi
1098 3939 1275 4001 extiterunt
1297 3946 1329 4002 et
1352 3959 1424 4002 eum
1441 3936 1534 4023 ¹apud

242 4038 468 4128 proconsulem
490 4050 733 4125 accusaverunt,
758 4063 831 4105 cum
848 4040 935 4126 apud
955 4039 1091 4104 eundem
1106 4039 1255 4104 Herodes
1277 4040 1311 4103 in
1334 4039 1439 4103 vicem
1463 4038 1534 4102 illos

241 4143 397 4231 populum
428 4142 463 4206 in
495 4165 530 4206 se
561 4145 739 4209 concitasse
772 4142 989 4225 insimularet,
1027 4141 1206 4208 adversarii
1239 4151 1363 4224 autem,
1395 4161 1533 4227 quorum

242 4249 359 4333 primas
398 4255 508 4330 partes
547 4246 665 4329 agebat
697 4245 940 4327 Demostratus,
978 4244 1020 4310 ad
1052 4246 1280 4331 imperatorem
1312 4243 1460 4308 Marcum
1499 4245 1533 4308 in

242 4349 357 4437 oppido
380 4347 569 4413 Pannoniae
591 4348 709 4415 Sirmio
733 4350 776 4431 (a.
802 4348 953 4431 1701171)
976 4357 1126 4430 agentem
1155 4369 1189 4412 se
1218 4344 1440 4428 contulerunt,
1468 4367 1533 4430 quo

243 4451 389 4517 Herodes
411 4472 541 4516 causam
565 4451 712 4516 dicturus
736 4453 860 4538 etipse
883 4452 1048 4537 profectus
1071 4461 1119 4515 est
1133 4451 1201 4514 cita
1214 4453 1335 4515 25-27.
1388 4447 1533 4513 Athaco

243 4555 389 4619 narratio
410 4552 603 4618 Philostrati
622 4555 751 4619 minimo
774 4559 928 4619 accurato
950 4573 1015 4618 csso
1037 4557 1159 4636 potest,
1190 4553 1304 4634 qnvmpc
1330 4551 1388 4632 qni
1413 4570 1464 4615 res
1485 4551 1534 4615 ita

241 4656 413 4733 rettulerit,
442 4657 536 4738 musi
556 4658 744 4722 inimicitiae
765 4657 848 4722 inter
870 4655 1028 4734 Herodem
1050 4660 1079 4720 ct
1104 4654 1294 4736 Quinctilius
1312 4651 1532 4718 Athenienses-

242 4781 297 4840 que
312 4759 416 4843 paulo
433 4764 506 4824 onte
522 4781 552 4824 o.
568 4766 629 4825 170
647 4765 735 4826 ortae
750 4764 859 4825 essent.
895 4760 1094 4840 Quamquam
1109 4758 1192 4822 enim
1208 4778 1270 4839 per
1283 4777 1316 4821 se
1331 4755 1415 4838 poni
1429 4760 1534 4838 potest

245 4861 442 4928 Cotidianam
463 4867 540 4944 post
565 4864 760 4929 consulatum
782 4862 944 4926 Achaiam
971 4861 1090 4925 recisse
1119 4859 1174 4942 (cf.
1205 4879 1284 4941 onoc
1313 4856 1465 4923 adnotari
1491 4856 1535 4921 ool

243 4963 276 5027 A
302 4964 375 5048 934)
404 4968 435 5029 ct
466 4963 647 5031 Mammam
678 4971 810 5050 propter
840 4961 1115 5039 necessitudinem,
1151 4962 1294 5044 qnomot's
1326 4957 1531 5036 annularem,
