3758 5628
187 297 373 354 cnavnlvs
849 287 912 355 385
1354 296 1541 354 cnsvntvs

251 493 471 571 1116661662,
496 492 585 559 Plin
609 515 641 559 n,
663 493 694 558 lt.
709 499 761 572 19,
775 498 837 572 24;
859 498 977 571 3711,
1003 493 1089 560 seo.
1112 494 1148 559 in
1168 493 1249 560 Aen.
1273 499 1302 572 6,
1325 497 1395 559 861.
1437 493 1542 560 Natus

248 621 278 663 a
290 597 353 663 712
369 627 410 652 =
426 599 467 662 42
482 620 511 662 a.
525 596 571 680 O,
595 619 669 662 nam
685 597 841 681 vigesimo
857 619 942 662 anno
961 597 1078 663 obiisse
1092 595 1414 681 diciturPropert.4,
1428 599 1540 675 18,15,

247 699 332 765 male
352 707 467 765 octavo
490 697 614 766 decimo
631 699 721 766 seo.
739 700 775 764 r'n
792 698 874 765 Aen.
890 705 920 778 6,
935 703 1006 765 861.
1051 699 1209 784 Magister
1232 701 1300 765 eius
1322 700 1440 766 Nestor
1462 699 1541 764 Tar·

248 803 351 868 sensis
367 801 486 870 Strabo
509 801 528 866 l.
553 803 573 868 l.

311 923 408 988 Anno
431 923 494 990 715
517 953 558 976 =
580 923 622 988 39
652 922 730 988 Sex,
753 923 927 1009 Pompeius
955 925 985 988 ei
1011 923 1111 988 filiam
1133 922 1306 1010 despondit
1327 921 1395 988 Dio
1416 925 1466 1000 48,
1489 924 1541 999 38,

247 1025 389 1110 Appian.
412 1025 483 1090 bell.
506 1026 563 1091 oio.
585 1029 615 1103 5,
639 1030 689 1090 73.
732 1024 829 1092 Anno
853 1026 914 1092 725
937 1057 979 1080 --
1001 1027 1044 1092 29
1065 1025 1201 1092 Actiaco
1223 1025 1386 1112 triumpho
1410 1045 1542 1090 currum

247 1129 388 1212 Augusti
424 1131 596 1194 comitatus
629 1137 678 1194 est
706 1127 890 1194 dexteriore
918 1127 1020 1195 166611
1050 1150 1133 1216 equo
1163 1128 1293 1195 Sueten,
1327 1128 1431 1196 Tiber.
1460 1131 1481 1192 6
1511 1137 1543 1192 et

244 1229 414 1314 Augustus
443 1231 476 1294 in
504 1231 644 1313 gratiam
673 1233 742 1296 eius
771 1234 880 1316 pueris
910 1232 1113 1314 congiarium
1141 1229 1232 1295 dedit
1253 1229 1319 1296 Die
1340 1234 1389 1312 51,
1413 1235 1457 1296 21
1480 1228 1535 1312 (ef.

246 1332 373 1399 Straton.
388 1331 523 1416 Anpnst.
538 1332 602 1413 11).
640 1331 736 1397 Anno
754 1333 816 1399 729
837 1363 880 1388 --
899 1335 940 1400 25
955 1333 1124 1418 Augustus
1146 1355 1205 1420 per
1227 1355 1302 1398 eum
1324 1342 1357 1399 et
1369 1331 1538 1397 Tiberium

246 1435 432 1522 privignum
453 1433 611 1500 militibus
632 1433 727 1499 ludos
748 1434 896 1502 exhibuit
917 1437 951 1500 in
974 1438 1052 1522 ipsis
1075 1438 1189 1502 castris
1204 1435 1271 1502 Dio
1290 1439 1340 1514 53,
1356 1439 1401 1502 26
1421 1433 1541 1500 scilieet

247 1538 427 1620 Hispaniae
448 1537 490 1617 ef.
513 1539 711 1620 epigramma
725 1535 922 1622 0616696666
937 1538 1036 1604 Antlt.
1051 1560 1156 1621 praee.
1172 1543 1201 1615 6,
1217 1543 1287 1616 161,
1311 1537 1395 1621 praed
1414 1537 1542 1620 scripsit

245 1639 290 1705 ad
302 1639 495 1705 Marcellum
510 1640 764 1723 profiencentem
782 1641 817 1706 in
833 1640 947 1706 bellam
962 1641 1160 1724 Hispanum,
1180 1640 1294 1707 eodem
1315 1662 1400 1705 anno
1421 1637 1539 1705 Iuliam

247 1742 346 1808 filiam
363 1743 392 1807 ei
408 1744 441 1806 in
457 1743 697 1807 matrimonium
712 1741 804 1808 dedit
817 1744 1011 1829 nuptiasque
1024 1744 1142 1810 absens
1158 1765 1217 1829 per
1228 1743 1407 1830 Agrippam
1419 1743 1541 1808 Romae

247 1843 405 1910 celebrari
420 1845 515 1910 iussit
528 1844 571 1911 iel.
589 1849 639 1920 53,
651 1850 705 1921 27,
726 1844 859 1910 Veller'na
874 1851 907 1923 2,
919 1851 968 1922 93,
980 1852 1013 1923 2,
1030 1845 1312 1923 Platanona,
1331 1843 1479 1914 Marcell.
1490 1849 1542 1922 30,

247 1946 374 2013 Straton
389 1945 524 2030 Anqset.
540 1951 600 2025 63;
623 1947 667 2012 ad
688 1967 742 2012 ear
757 1949 888 2030 nuptias
904 1949 1044 2031 pertinet
1056 1948 1192 2014 Horatii
1205 1969 1303 2013 carm.
1318 1953 1347 2025 1,
1364 1953 1417 2016 12.
1445 1946 1542 2012 Anno

245 2051 309 2116 739
325 2079 366 2104 =
382 2051 423 2115 24
439 2058 570 2114 senatus
586 2071 662 2114 eum
676 2049 798 2134 adlegit
814 2061 847 2116 et
860 2052 1058 2136 praetorium
1074 2051 1178 2116 locum
1195 2052 1373 2116 sententiae
1384 2049 1543 2114 dicendae

247 2153 276 2216 ei
292 2151 383 2216 dedit
398 2151 559 2238 simulque
575 2151 729 2235 decrevit,
746 2163 783 2218 ut
797 2153 953 2218 decennio
969 2156 1128 2219 maturius
1142 2177 1239 2240 quam
1255 2152 1416 2240 perleges
1432 2151 1543 2217 liceret

250 2253 456 2320 comulatam
477 2265 603 2342 peteret
624 2254 691 2322 Dio
711 2259 762 2334 53,
785 2260 837 2324 28.
890 2257 988 2322 Anno
1009 2257 1068 2324 791
1093 2287 1133 2310 =
1157 2258 1200 2322 23
1222 2255 1335 2322 aedilis
1358 2253 1479 2319 curulis
1501 2254 1543 2320 ab

247 2357 398 2441 Augusto
421 2357 551 2423 adiutus
572 2358 908 2442 magnificentissimos
931 2358 1025 2424 ludos
1047 2359 1158 2438 edidit,
1185 2381 1244 2446 per
1266 2368 1366 2424 totam
1388 2367 1542 2422 aestatem

247 2461 355 2526 forum
384 2459 464 2525 velis
495 2461 709 2544 inumbravit,
740 2460 1010 2546 dactyliothecam
1041 2465 1075 2527 in
1102 2461 1182 2527 aede
1212 2460 1353 2527 Palatini
1382 2458 1543 2546 Apollinis

246 2565 449 2628 consecravit
471 2561 606 2628 Velleius
627 2569 660 2641 2,
684 2568 735 2640 99,
768 2562 857 2628 Plin.
879 2585 911 2630 n.
933 2564 965 2630 lt.
988 2570 1039 2643 19,
1062 2570 1107 2632 24
1113 2584 1124 2644 ;
1144 2567 1194 2641 37,
1217 2569 1274 2640 11,
1308 2563 1382 2628 Tae.
1409 2583 1439 2626 a.
1461 2567 1490 2639 1,
1512 2568 1543 2639 3,

245 2663 416 2730 Plutarch.
439 2665 589 2732 Marcell.
609 2669 661 2743 30,
693 2665 780 2732 Sero.
805 2668 840 2731 in
861 2664 943 2732 Aen.
965 2670 995 2745 5,
1018 2673 1047 2734 4.
1092 2665 1147 2733 Ab
1169 2666 1321 2750 Augusto
1350 2665 1543 2751 pontificatu

246 2777 380 2833 ornatus
401 2769 475 2834 766.
499 2789 529 2834 6.
553 2773 581 2846 1,
604 2771 633 2836 3.
682 2767 820 2854 Propter
847 2769 986 2852 gratias,
1017 2790 1099 2855 quas
1120 2768 1291 2851 Augustus
1313 2769 1343 2833 ei
1365 2765 1540 2850 tribuebat,

246 2869 425 2935 simultates
445 2871 530 2936 iuter
544 2892 620 2935 eum
635 2881 668 2936 et
682 2870 863 2957 Agrippam
879 2883 968 2937 ortae
984 2881 1067 2954 sunt,
1089 2872 1135 2936 ita
1152 2881 1189 2936 at
1205 2870 1353 2958 Agrippa
1366 2869 1541 2956 Mytilenas

246 2971 413 3038 secederet
430 2972 565 3039 Velleius
578 2979 611 3051 2,
624 2978 676 3052 99,
688 2979 720 3051 2,
738 2973 867 3042 Sueten.
879 2973 1014 3057 Anpuat.
1031 2979 1080 3051 66,
1101 2971 1538 3051 Τ1561.10,111653,31.32.

246 3073 316 3141 Sub
339 3075 435 3140 linem
458 3076 536 3140 anni
558 3077 599 3141 23
623 3073 760 3159 (61.1)16
781 3077 830 3153 53,
846 3080 897 3153 30,
920 3074 1010 3143 Ptin.
1025 3097 1057 3144 n.
1073 3075 1103 3141 t.
1119 3081 1170 3153 19,
1185 3072 1242 3158 24)
1265 3085 1437 3157 aegrotans
1453 3075 1541 3161 apud

244 3177 342 3243 Baias
357 3176 464 3244 subito
481 3177 620 3243 decessit
641 3188 673 3242 et
695 3177 825 3263 publico
847 3177 961 3244 funere
985 3177 1089 3243 elatus
1104 3177 1319 3264 laudatusque
1334 3177 1376 3243 ab
1391 3176 1540 3262 Augusto

243 3281 278 3346 in
293 3302 406 3367 eampo
421 3279 539 3345 Martio
555 3279 699 3367 sepultus
714 3290 762 3344 est
773 3278 919 3363 Propert.
931 3285 961 3357 4,
977 3285 1027 3359 18,
1042 3286 1071 3358 6,
1098 3280 1232 3346 Velleius
1246 3286 1279 3358 2,
1295 3285 1346 3358 99,
1362 3286 1391 3358 1,
1415 3282 1489 3346 Tac.
1508 3303 1539 3350 a.

244 3388 277 3460 2,
294 3387 343 3460 41,
366 3383 434 3450 Dio
453 3387 504 3461 53,
519 3387 568 3461 39,
592 3382 682 3450 Serv.
705 3384 742 3447 in
762 3383 844 3449 Aen.
860 3390 888 3462 1,
907 3390 987 3462 712;
1008 3388 1039 3462 3,
1056 3387 1134 3462 718;
1154 3386 1183 3460 5,
1198 3389 1237 3462 4,·
1258 3389 1287 3462 6,
1302 3387 1373 3450 861.
1396 3420 1440 3429 -
1461 3385 1540 3449 Per·

241 3507 357 3569 peram
379 3484 464 3552 filius
487 3485 529 3551 ab
551 3483 700 3569 Augusto
723 3485 894 3572 adoptatus
918 3486 1036 3550 dicitnr
1057 3485 1426 3565 111616161611616687,
1450 3487 1538 3554 Serv.

242 3589 279 3652 in
299 3587 380 3654 Aen
402 3592 431 3668 6,
450 3591 523 3654 861.

308 3707 347 3772 16
369 3706 523 3772 honorem
547 3717 579 3772 et
600 3709 787 3773 memoriam
809 3709 928 3772 mortui
944 3708 1083 3774 Octavia
1105 3718 1208 3773 mater
1230 3707 1460 3774 bibliothecam
1483 3732 1537 3775 ex-

226 3811 345 3874 ‘truxit
374 3807 543 3876 Plntarclt.
575 3809 724 3877 Marcell.
750 3815 801 3886 39,
832 3807 1001 3894 Augustus
1036 3811 1197 3875 theatrum
1227 3809 1374 3876 Marcelli
1408 3813 1538 3878 nomine

242 3935 271 3976 a.
295 3913 358 3978 743
377 3942 420 3966 =
444 3914 481 3979 11
505 3935 534 3977 a.
558 3911 596 3981 O.
620 3911 783 3978 dedicavit
809 3911 874 3978 eid.
905 3915 947 3996 as.
979 3918 999 3980 t.
1024 3919 1066 3980 2.·
1095 3913 1257 3978 theatrum
1286 3913 1329 3978 ad
1358 3913 1438 3978 aede
1467 3915 1537 3999 (ria)

241 4013 402 4101 Apollinis
425 4015 459 4078 in
482 4013 550 4080 solo
570 4036 689 4100 magna
711 4036 753 4079 ex
775 4025 868 4100 parte
890 4038 910 4081 a
931 4015 1118 4102 p[r]i[v]atis
1141 4026 1247 4101 empto
1271 4015 1341 4100 feci,
1365 4016 1453 4102 quod
1476 4018 1537 4083 sub

243 4119 371 4182 nomine
394 4116 439 4182 M.
462 4116 632 4201 Marcellli]
655 4117 766 4201 generi
789 4117 852 4182 mei
875 4128 967 4200 esset,
990 4116 1058 4183 Dio
1079 4123 1128 4196 53,
1148 4123 1190 4182 30
1197 4138 1208 4196 ;
1228 4121 1277 4196 54,
1299 4123 1352 4196 26,
1376 4119 1445 4184 Irin
1462 4140 1535 4201 per.

243 4219 263 4284 1.
285 4223 356 4296 141,
380 4217 470 4284 Ρ116.
493 4240 525 4284 6.
547 4218 578 4284 t.
601 4222 632 4296 8,
654 4223 704 4296 65,
729 4219 857 4285 Sueten.
882 4219 1018 4303 Asperat.
1040 4225 1094 4286 29.
1117 4225 1176 4298 43;
1201 4218 1361 4285 theatrum
1388 4221 1535 4287 Marcelli

241 4327 434 4388 manantur
456 4320 531 4386 011
552 4321 613 4387 IX
633 4327 718 4388 9230
746 4323 845 4404 (faeta
866 4321 1021 4407 Allifan.)
1043 4321 1132 4388 Fert,
1149 4345 1185 4407 p.
1200 4327 1263 4387 178
1287 4343 1314 4388 s.
1336 4344 1363 4390 v.
1389 4323 1533 4404 Octavia,

240 4425 357 4492 Areon.
372 4425 408 4488 in
420 4422 535 4490 Seanr.
546 4446 582 4507 p.
594 4429 647 4501 24,
660 4429 688 4501 1,
706 4423 795 4488 Plin.
811 4444 843 4489 n.
855 4422 885 4488 t.
898 4429 927 4501 7,
940 4427 1013 4500 121,
1027 4424 1180 4490 Martial.
1191 4431 1224 4502 2,
1236 4428 1291 4501 29,
1303 4429 1323 4490 5
1331 4446 1342 4502 ;
1357 4432 1408 4504 10,
1421 4431 1532 4506 51,11‚

244 4529 318 4592 Tac,
343 4547 374 4592 a.
395 4531 425 4609 3,
442 4531 491 4602 64,
516 4527 604 4594 Suet.
623 4526 778 4610 Vesp.19,
801 4528 854 4593 eit.
879 4527 949 4593 Ser.
972 4526 1154 4592 Aleeandri
1174 4532 1223 4603 44,
1247 4532 1276 4605 7,
1300 4526 1424 4594 Forma
1443 4531 1534 4596 erbis

240 4629 364 4694 Romae
386 4630 450 4695 tab.
472 4628 533 4695 IV
548 4629 664 4713 srapm.
687 4631 734 4694 28
755 4627 800 4693 ed.
825 4627 971 4706 Jordan,
1006 4629 1135 4694 Notitia
1163 4631 1282 4712 repien.
1305 4630 1376 4707 IX,
1409 4630 1532 4700 (26166.

239 4754 302 4816 rep.
326 4731 394 4798 IX.
415 4769 459 4778 -
481 4731 678 4816 Orinagoras
707 4743 802 4818 poeta
828 4732 957 4818 scripsit
982 4730 1024 4795 ed
1051 4753 1124 4796 eum
1151 4733 1247 4815 epipr.
1271 4731 1402 4798 Anthol.
1423 4755 1530 4817 praee.

239 4839 368 4912 6,161;
392 4839 423 4911 9,
445 4839 515 4901 545.
538 4873 577 4883 -
601 4834 792 4900 Memoriam
820 4836 938 4899 mortui
968 4833 1199 4920 praedicarunt
1228 4845 1343 4921 poetae
1366 4835 1531 4919 Vergilius

227 4959 437 5015 mpori-mu
449 4960 512 5016 ιω».
525 4961 595 5007 nom.
620 4960 642 5006 1.
1290 4951 1325 5008 25
