3732 5622
343 367 500 425 CLODIVS
983 361 1047 426 422
1536 365 1702 424 CLODIVS

406 566 508 642 modo,
527 571 563 630 ut
580 567 712 632 uidetur.
751 565 838 631 Nam
859 567 999 648 quadiu
1018 566 1154 650 epistula
1176 567 1253 650 ficta
1271 567 1338 629 υἱέα
1354 569 1458 642 10,11
1481 565 1617 629 Marcus
1628 571 1707 648 post

406 669 606 733 rebellionem
620 667 733 732 Auidii
752 668 860 732 Cassii
875 668 911 732 dc
926 669 1045 734 Albino
1068 669 1209 734 traditur
1228 669 1391 752 scripsisse
1408 667 1577 732 ‘habemus
1601 669 1708 750 igitur

324 799 327 806 ἱ
409 773 515 835 virum
531 771 664 853 dignum
681 770 858 852 consulatu,
884 794 978 857 quem
1003 772 1162 837 sufficiam
1186 772 1219 836 in
1243 771 1347 835 locum
1364 770 1467 837 Cassii
1484 771 1618 856 Papirii'
1633 775 1706 845 eto„

407 873 526 938 nullam
549 873 643 956 fidem
665 878 811 938 ureretur.
845 874 933 938 Dein
948 897 1007 961 per
1023 874 1236 941 Commodum
1252 874 1293 938 ad
1310 871 1450 939 Galliam
1466 871 1650 955 translatus,
1669 875 1706 936 in

408 997 472 1063 qua
497 975 577 1040 fusis
602 975 754 1059 gentibus
780 977 1025 1041 transrhenanis
1048 976 1174 1042 celebre
1199 999 1316 1043 nomen
1338 999 1433 1041 suum
1456 975 1550 1058 fecit3
1580 974 1707 1061 quibus

409 1079 507 1143 rebus
537 1101 693 1142 accensus
717 1078 913 1143 Commodus
936 1083 965 1144 ei
989 1079 1229 1144 Caesareanum
1251 1101 1368 1143 nomen
1392 1078 1509 1144 obtulit
1539 1089 1571 1143 ct
1600 1077 1704 1142 dandi

407 1179 560 1266 stipendii
572 1177 757 1245 facultatem
768 1190 799 1245 ot
810 1179 898 1266 pallii
909 1184 1031 1246 coccini
1042 1181 1162 1264 utendi,
1173 1182 1290 1268 quibus
1299 1179 1447 1246 omnibus
1458 1180 1511 1246 ille
1523 1180 1705 1266 prudenter

407 1283 563 1348 abstinuit
577 1282 644 1346 υἱέα
658 1287 686 1358 6,
703 1287 778 1350 4-5.
817 1283 908 1348 Ηαυυ
922 1285 999 1366 picto
1015 1305 1078 1349 csse
1096 1283 1250 1361 rideatur,
1268 1305 1337 1348 υαυυ
1354 1283 1436 1348 idem
1458 1289 1570 1348 auctor
1586 1289 1704 1366 postea

366 1431 370 1442 ·
406 1391 456 1462 13,
478 1391 577 1467 etseq.
611 1385 765 1450 Albinum
779 1384 988 1450 Britannicos
1003 1389 1157 1452 exercitus
1170 1391 1325 1470 repentem
1342 1385 1575 1452 Caesareanum
1590 1407 1707 1450 nomeu

406 1488 590 1572 repudiasse
615 1489 746 1552 scribat.
793 1489 906 1553 Minus
929 1494 1075 1554 αυυυυαέα
1099 1488 1186 1571 apud
1205 1489 1389 1572 scriptorem
1411 1487 1575 1571 αααυααυη,
1599 1511 1621 1554 a
1642 1510 1706 1570 asco

405 1591 532 1672 pariter
560 1594 670 1654 auctor
698 1592 781 1654 υἱέαυ
803 1590 919 1655 Albini
938 1596 968 1668 1,
991 1598 1020 1668 1,
1053 1591 1160 1656 Victor
1182 1591 1271 1658 Caes.
1294 1597 1347 1667 20,
1372 1597 1401 1666 9,
1424 1591 1572 1673 Epitomc
1592 1597 1646 1667 20,
1669 1596 1705 1667 2,

407 1693 543 1774 merop.
564 1695 595 1768 8,
619 1697 660 1756 18
675 1693 828 1776 peuclcut,
851 1700 1021 1758 narratura
1041 1700 1110 1758 crat
1132 1694 1286 1759 Albinum
1301 1698 1376 1776 post
1396 1691 1578 1758 Pertinacis
1599 1713 1707 1757 aecae

408 1795 442 1858 iu
462 1793 576 1859 Gallia
606 1793 776 1860 Caesarem
806 1816 838 1860 se
867 1797 993 1878 secisse,
1025 1818 1094 1862 cuns
1116 1819 1150 1861 re
1171 1819 1247 1860 ocra
1268 1795 1417 1862 caesus
1436 1817 1548 1861 nomeu
1571 1797 1605 1860 iu
1626 1794 1707 1858 Bri-

408 1898 530 1978 tauuia,
554 1897 590 1960 iu
610 1896 723 1962 Gallia
746 1900 883 1981 Aupusti
903 1903 1046 1963 sumeret.
1095 1898 1181 1962 Vade
1203 1900 1238 1964 iu
1258 1900 1325 1962 υἱέα
1340 1899 1542 1981 prouinciam·
1562 1897 1706 1980 aliquam

412 1998 597 2064 Galliarum
619 2001 738 2064 recisse
763 2003 876 2082 fertur.
917 2001 973 2066 Ad
998 2001 1128 2066 mudum
1155 2007 1313 2066 auctorem
1340 2002 1480 2084 ignotum
1504 1999 1708 2083 referendum

411 2107 457 2168 cst
485 2101 567 2184 quod
596 2107 707 2167 auctor
728 2105 812 2168 υἱέαυ
834 2109 883 2181 14,
907 2109 936 2182 0,
967 2103 1083 2182 Victor,
1106 2104 1285 2187 Eutropius
1307 2103 1326 2168 l.
1350 2103 1370 2172 l.
1394 2103 1525 2168 traduat
1546 2102 1705 2168 Albinum

412 2202 581 2268 occidendi
598 2204 776 2268 Pertinacis
792 2205 891 2270 Didio
907 2205 1034 2270 Iuliano
1058 2216 1222 2270 auctorem
1238 2203 1292 2268 vel
1314 2206 1436 2269 socium
1459 2203 1568 2270 fuisse.
1606 2203 1707 2269 Deni-

412 2327 470 2388 que
488 2305 578 2370 quic'
597 2305 696 2371 Cordi
717 2306 957 2390 (afluit.5,10;
980 2313 1008 2384 7,
1023 2312 1061 2385 3;
1082 2313 1131 2384 11,
1147 2312 1182 2396 2)
1207 2313 1379 2373 cuumruta
1399 2305 1483 2370 male
1503 2305 1647 2370 redoleat
1668 2328 1709 2370 ca

412 2429 492 2495 quac
515 2409 552 2472 dc
578 2407 778 2474 Caesareano
801 2411 924 2474 uouziue
946 2431 967 2473 α
985 2409 1154 2475 Ooucmodo
1176 2411 1282 2474 oblato
1305 2409 1430 2492 passim
1451 2409 1574 2472 iuvita
1591 2408 1709 2473 Albuci

411 2512 633 2594 proferuntur.
673 2513 776 2596 (Num
799 2513 879 2576 idem
901 2515 1084 2578 narraverit
1107 2518 1218 2578 auctor
1238 2515 1292 2577 υἱέ.
1310 2512 1420 2578 8υυυνὶ
1434 2517 1462 2595 5,
1479 2516 1508 2590 9,
1531 2513 1590 2576 ubi
1610 2513 1708 2576 uerba

414 2619 564 2698 corrupto
586 2614 764 2691 traduntur,
785 2615 876 2680 ualde
899 2615 1030 2698 dubito.)

478 2717 621 2800 Legatos
654 2717 843 2782 Britanniae
875 2719 989 2784 eodem
1021 2729 1182 2804 tempore,
1217 2741 1280 2804 quo
1311 2717 1510 2782 Pescennius
1538 2717 1641 2799 Niger
1673 2719 1706 2779 in

418 2821 551 2902 oriente,
577 2819 752 2906 Septimius
776 2821 916 2886 Severus
940 2823 972 2885 in
995 2820 1127 2906 Illyrico
1151 2821 1199 2905 (id
1219 2826 1263 2885 cst
1286 2825 1406 2885 aestate
1430 2822 1557 2884 iueuutc
1579 2841 1609 2883 α.
1633 2818 1707 2900 193)

416 2923 556 3008 sumpsit
578 2924 748 3008 imperium
771 2923 836 2988 Dio
861 2927 981 3000 73,14.
1027 2923 1167 2988 Severus
1198 2946 1256 3008 per
1285 2921 1407 2987 litteras
1430 2921 1603 2987 Caesarem
1633 2943 1709 2986 cum

416 3027 550 3107 agnovit
577 3025 643 3090 Dio
666 3031 715 3103 73,
738 3030 792 3103 15,
826 3025 999 3093 Herodian.
1022 3029 1054 3102 2,
1085 3031 1135 3102 15,
1160 3031 1239 3092 2-5.
1290 3025 1331 3089 D.
1366 3023 1498 3090 Clodius
1532 3023 1709 3110 Septimius

417 3126 556 3192 Albinus
577 3127 698 3192 Caesar
720 3134 780 3193 t.2
803 3132 832 3190 ct
855 3129 889 3191 iu
908 3129 1053 3192 uuutmis.
1088 3127 1209 3193 Consul
1225 3151 1244 3192 a
1260 3127 1381 3192 Severo
1397 3124 1578 3191 declaratus
1603 3137 1651 3190 est
1671 3148 1708 3190 co

418 3240 578 3314 tempore,
603 3252 664 3315 quo
689 3227 780 3293 illum
803 3228 865 3294 sibi
889 3240 1061 3315 paraverat
1083 3225 1262 3313 subrogare
1283 3230 1350 3293 υἱέα
1372 3233 1401 3305 6,
1424 3233 1453 3305 8,
1485 3229 1575 3292 cuius
1597 3234 1711 3292 auctor·

418 3330 614 3396 consulatum
630 3333 773 3415 pu'mum
794 3333 962 3414 ipuoraoit,
987 3332 1027 3414 cf.
1050 3333 1103 3396 υἱέ.
1121 3331 1270 3414 Septiuu'i
1285 3330 1395 3395 Seueri
1412 3335 1441 3406 6,
1458 3334 1487 3393 9.
1530 3327 1652 3394 Consul
1677 3330 1709 3394 ΙΙ

417 3457 446 3498 a.
472 3434 532 3498 194
549 3455 621 3498 cum
644 3434 720 3518 imp.
745 3433 836 3498 Caes.
860 3433 898 3498 L.
923 3434 1079 3519 Septimio
1101 3433 1222 3498 Severo
1246 3432 1330 3516 Aug.
1347 3433 1380 3496 ΙΙ
1402 3433 1491 3513 fasti.
1528 3430 1651 3497 Consul
1674 3433 1709 3496 Η

416 3537 540 3618 passius
562 3536 597 3598 iu
617 3536 772 3612 nummis·
802 3535 885 3599 orale
908 3534 1003 3599 lectus
1024 3535 1148 3600 uidetur
1169 3554 1313 3600 auruncus
1334 3556 1366 3598 u.
1389 3538 1429 3598 19
1450 3531 1563 3611 Colica,
1593 3535 1651 3616 ααὶ
1674 3534 1709 3598 ia

419 3657 530 3701 averso
552 3637 696 3702 exhibere
719 3637 836 3702 dicitur
858 3637 927 3701 Fel.
951 3637 986 3702 P.
1010 3640 1048 3702 R.
1071 3637 1106 3705 P.
1130 3637 1174 3702 M.
1197 3638 1253 3701 Tr.
1277 3638 1314 3704 P.
1339 3636 1412 3703 Cos.
1435 3635 1496 3701 ΙΙΙ.

483 3739 624 3804 Severus
639 3739 817 3804 Pescennio
834 3739 935 3822 Nigro
953 3739 1081 3803 devicto
1098 3739 1255 3804 Albinum
1277 3739 1403 3804 insidiis
1426 3759 1443 3800 e
1465 3736 1572 3801 medio
1597 3736 1709 3801 tollore

417 3840 539 3905 frustra
562 3841 685 3906 studuit
706 3842 773 3904 υἱέα
788 3845 817 3918 8,
841 3841 1019 3908 Herodian.
1041 3846 1070 3920 3,
1089 3846 1110 3907 5
1132 3851 1164 3906 et
1186 3863 1226 3906 ue
1246 3840 1396 3907 Caesaris
1415 3838 1543 3926 quidem
1568 3839 1709 3926 amplius

417 3941 555 4008 honores
579 3941 693 4007 tribuit
714 3942 782 4007 Dio
806 3948 852 4020 75,
876 3948 906 4007 4.
943 3942 1040 4008 Vnde
1062 3943 1201 4009 Albinus
1229 3945 1261 4008 iu
1284 3942 1392 4011 Gallia
1414 3951 1526 4006 contra
1549 3941 1710 4007 Severum

419 4043 549 4110 rebellis
565 4046 672 4109 extitit
687 4057 719 4108 et
732 4043 874 4128 Augusti
895 4067 1009 4109 nomen
1033 4047 1171 4131 sumpsit
1185 4046 1251 4111 Dio
1269 4047 1288 4110 l.
1309 4045 1340 4122 l.,
1365 4043 1541 4110 Herodian.
1557 4049 1587 4122 3,
1602 4049 1633 4122 7,
1655 4047 1710 4112 υἱέ.
1841 4101 1842 4120 ,

418 4147 527 4214 Seueri
546 4153 595 4223 10,
619 4152 648 4224 1,
673 4168 757 4212 auuo
778 4153 840 4213 196
861 4153 897 4211 ut
917 4148 1050 4214 uidetur.
1090 4151 1172 4234 Imp.
1198 4149 1289 4215 ans.
1310 4149 1352 4214 D.
1377 4147 1509 4214 Clodius
1533 4145 1712 4232 Septimius

417 4248 557 4315 Albinus
580 4249 666 4331 Aug.
688 4252 816 4314 auarus.
862 4248 960 4335 Apud
983 4251 1169 4315 Tinurtium
1191 4251 1245 4315 υἱέ.
1268 4250 1474 4327 Scoeri11,1
1497 4248 1712 4332 (Lugdunum

418 4353 547 4434 reliqui)
564 4351 594 4417 d.
613 4351 652 4415 19
668 4353 788 4415 mensis
805 4349 977 4416 Februarii
1001 4375 1029 4419 a.
1047 4354 1106 4418 197
1123 4354 1186 4418 aba.
1203 4359 1252 4430 11,
1269 4357 1289 4418 7
1310 4375 1330 4416 a
1353 4353 1474 4418 Severo
1490 4350 1596 4414 victus
1615 4353 1713 4437 periit

419 4457 487 4517 υἱέα
501 4460 530 4531 9,
553 4453 620 4518 Dio
635 4458 684 4530 75,
700 4459 776 4530 4-9,
799 4454 976 4524 Herodian.
991 4459 1021 4531 3,
1038 4460 1066 4533 7,
1088 4455 1194 4520 Victor
1207 4455 1296 4521 Caes.
1313 4460 1366 4532 20,
1382 4461 1431 4531 11,
1447 4453 1595 4536 Epitome
1607 4459 1660 4532 20,
1676 4459 1710 4531 2,

418 4555 667 4638 Eutrop.8,18.

484 4657 562 4721 Fuit
584 4653 703 4720 Albino
727 4679 827 4738 unus,
859 4669 894 4721 ut
916 4657 1015 4744 aliqui
1038 4659 1166 4736 dicunt,
1190 4658 1293 4738 filius,
1317 4669 1354 4724 ut
1373 4659 1524 4742 (Marius)
1545 4657 1712 4722 Maximus

372 4779 374 4784 ’
421 4759 515 4842 dicit,
547 4758 627 4841 duo,
659 4757 778 4842 quibus
801 4759 940 4824 Severus
969 4761 1109 4845 primum
1134 4764 1262 4827 veniam
1285 4761 1391 4844 dedit,
1420 4769 1532 4846 postea
1553 4781 1632 4823 vero
1655 4780 1712 4823 eos

422 4882 495 4923 oum
518 4870 622 4923 matre
641 4849 803 4944 ¹percussit
826 4870 858 4923 et
888 4862 921 4922 in
951 4861 1163 4946 profluentem
1189 4863 1274 4928 abici
1297 4864 1391 4928 iussit
1410 4863 1478 4925 cita
1496 4865 1525 4938 9,
1549 4863 1569 4925 5
1593 4861 1636 4943 cf.
1655 4862 1711 4924 υἱέ.

422 4961 533 5026 Severi
545 4967 594 5037 11,
610 4965 640 5025 9.
678 4962 873 5027 Pescennius
890 4963 1027 5028 Prinous
1041 4965 1127 5030 filius
1144 4968 1211 5031 υἱέα
1227 4971 1255 5044 7,
1274 4970 1296 5030 8
1317 4967 1351 5030 iu
1366 4964 1512 5047 epistula.
1528 4999 1570 5008 -
1585 4962 1712 5027 Marius
