3732 5630
323 313 469 370 BVRRVS

325 513 386 580 153
409 511 550 594 Burrus,
583 513 773 598 παιδαγωγὸς
798 517 850 577 ταῦ
880 510 1020 598 Νέρωνος
1048 513 1125 583 τάξιν
1147 515 1200 598 τὴν
1224 519 1283 578 τῶν
1307 509 1491 598 Ἑλληνικῶν
1515 514 1677 580 ἐπιστολῶν

387 613 618 700 πεπιστευμένος
642 643 681 668 --·
704 613 745 678 ab
775 611 920 699 epistulis
950 616 1075 698 graecis
1105 615 1243 679 Neronis
1272 615 1396 698 Ioseph.
1427 620 1493 682 ant.
1519 620 1572 692 20,
1595 619 1625 692 8,
1647 621 1678 679 9.

386 716 456 782 Ant
484 717 606 782 eunuc
634 716 786 799 Iosephus
815 718 849 780 in
878 737 1021 794 munuc,
1052 737 1120 782 cuno
1150 717 1188 782 de
1209 718 1352 800 Afranio
1380 717 1491 782 Burro
1514 719 1678 800 praefecto

384 821 552 904 praetacto
581 820 750 903 cogitaret,
789 823 846 884 aut
868 823 1003 903 propter
1032 839 1160 897 nonnus,
1197 841 1258 902 quo
1292 825 1366 885 tunc
1394 822 1543 903 tempores
1572 819 1679 884 liberti

388 923 611 1005 fungebantur,
632 921 683 986 ne
706 922 746 986 ab
769 922 913 1003 Afranio
934 921 1044 986 Burro
1067 922 1206 988 diversus
1227 924 1300 1005 fud.

325 1044 387 1107 154
409 1043 545 1124 Burrus,
569 1040 654 1107 filius
679 1043 898 1128 quinquennis
917 1041 1084 1107 Parthenii
1107 1043 1286 1108 Domitiani
1309 1043 1508 1126 cubicularii,
1532 1045 1565 1108 in
1588 1045 1678 1108 cuius

388 1145 473 1211 diem
497 1144 638 1211 natalem
659 1145 819 1210 Martialis
842 1147 970 1231 scripsit
992 1146 1188 1230 epcarumnta
1208 1152 1238 1223 4,
1261 1149 1310 1223 45,
1334 1152 1371 1224 4,·
1398 1151 1591 1210 memoratur
1611 1145 1676 1210 tad.

384 1253 414 1328 5,
438 1254 466 1326 6,
490 1253 519 1316 6.

332 1389 375 1399 -
407 1352 482 1418 Sex.
505 1350 662 1416 Afranius
684 1350 820 1417 Burrus.

332 1491 376 1500 -
407 1464 442 1520 L.
465 1463 662 1518 ANTISTIVS
684 1463 842 1519 BVRRVS.

331 1593 375 1604 ·-
405 1566 439 1622 L.
462 1565 659 1621 ANTISTIVS
683 1565 828 1620 BVRRVS
851 1565 1063 1622 ADVENTVS.

331 1697 374 1706 -
406 1668 441 1725 L.
462 1669 661 1724 ANTISTIVS
683 1667 892 1726 MVNDIOIVS
913 1667 1070 1724 BVRRVS.

331 1771 374 1808 ’-
405 1771 554 1826 ACILIVS
577 1771 686 1827 BVTA.

322 1882 384 1948 155
407 1883 528 1963 Buteo,
559 1882 685 1965 rhetor,
718 1881 861 1968 aequalis
893 1881 999 1946 Porcii
1028 1880 1181 1947 Latronis
1204 1881 1325 1949 Seneca
1351 1889 1486 1949 controv.
1511 1888 1677 1961 1‚1‚2o;

384 1990 417 2060 2,
432 1987 462 2060 5,
477 1989 526 2061 15,
547 1985 693 2049 Passieni
710 1983 774 2049 ild.
790 1989 822 2060 2,
838 1988 867 2061 5,
884 1988 935 2060 17,
951 1983 1058 2049 Asinii
1076 1982 1230 2048 Pollionis
1245 1983 1309 2053 ibd.
1328 1989 1357 2061 7,
1372 1990 1401 2062 4,
1416 1989 1446 2050 3.
1480 1985 1674 2066 Sententiae,

386 2084 573 2164 divisiones,
596 2085 719 2150 colores
742 2087 813 2150 eius
829 2087 953 2169 passim
977 2086 1065 2169 apud
1086 2087 1238 2153 Senecam
1259 2085 1423 2154 clutorccn.

324 2206 385 2270 156
408 2205 513 2269 Butra
535 2213 570 2268 ut
592 2205 714 2268 amicus
736 2203 838 2268 Manli
861 2205 1019 2291 Torquati
1042 2208 1230 2271 nominatur
1250 2206 1367 2273 Horat.
1384 2208 1471 2290 epist.
1488 2211 1518 2284 1,
1533 2211 1564 2285 5,
1579 2212 1631 2273 26.

323 2324 382 2391 157
405 2324 533 2410 Bythus
555 2323 787 2390 Durrachenus
805 2323 894 2390 Ptin.
914 2331 979 2390 nat.
999 2326 1070 2390 nec.
1094 2325 1158 2390 ind
1183 2325 1204 2390 l.
1226 2330 1272 2392 28
1291 2325 1420 2408 (Bithus
1443 2327 1674 2393 Durrachenus

384 2427 449 2492 tto.
473 2432 526 2504 28,
549 2428 607 2509 82)
631 2438 745 2491 auctor
766 2426 865 2492 Plinii
889 2427 929 2492 de
959 2427 1130 2492 medicinis
1159 2449 1201 2493 ex
1228 2427 1431 2496 animalibus.
1480 2431 1674 2512 ῼααιιιααανι

386 2551 407 2593 a
436 2529 548 2594 Plinio
577 2531 661 2600 inter
690 2534 834 2594 auctores
862 2550 1010 2595 romanos
1037 2535 1223 2613 recensetur,
1255 2550 1325 2594 cuno
1353 2532 1386 2595 in
1416 2531 1520 2596 indice
1542 2533 1674 2598 audent.

385 2632 462 2696 libcn'
480 2631 656 2715 praecedat
680 2631 824 2696 ‘Sextius
847 2632 958 2716 Niger,
982 2634 1037 2719 qui
1059 2654 1177 2716 graece
1198 2634 1350 2719 scripsit‘,
1371 2634 1509 2715 fortasse
1531 2634 1612 2700 iden
1633 2639 1675 2698 ost

389 2733 505 2806 Βούτας
538 2736 630 2806 αἰτίας
665 2735 814 2820 μυθώδεις
842 2737 874 2802 ἐν
908 2735 1048 2823 ἐλεγείοις
1082 2738 1148 2822 περὶ
1178 2743 1237 2801 τῶν
1271 2733 1451 2822 Ῥωμαϊκῶν
1485 2739 1674 2824 ἀναγράφων,

387 2840 477 2904 cuius
507 2839 702 2922 epigramma
729 2857 878 2922 cruenta
901 2837 1098 2903 Plutarchus
1130 2836 1226 2917 affort
1254 2840 1290 2904 in
1314 2841 1382 2904 uita
1403 2839 1536 2904 Rontnli
1552 2845 1603 2924 30,
1625 2840 1679 2923 qni

387 2942 490 3007 Butes
512 2942 545 3004 in
569 2938 753 3005 causalibus
776 2941 894 3006 citatur
914 2941 1038 3007 Amol.
1060 2944 1089 3017 5,
1112 2944 1162 3004 18.

980 3430 1026 3548 O

335 3671 359 3749 '1
384 3683 422 3748 T.
447 3681 493 3748 O.
509 3732 516 3747 .
531 3732 538 3747 .
552 3731 579 3766 .,
604 3693 794 3766 procurator
810 3681 950 3766 Augusti
973 3705 1002 3750 a.
1020 3683 1081 3748 133
1102 3688 1296 3748 nceonoratur
1317 3685 1352 3747 in
1371 3687 1393 3747 t.
1408 3681 1529 3747 nantolis
1543 3681 1674 3749 Daoicis

384 3787 450 3852 III
467 3785 502 3852 8.
525 3790 629 3851 12601
652 3807 673 3849 a
688 3785 743 3870 (1).
767 3786 859 3873 ba).
902 3786 965 3868 Qui
986 3788 1114 3869 minans
1143 3793 1166 3851 t.
1189 3787 1268 3851 vidit
1290 3786 1455 3868 ediditque,
1484 3785 1594 3869 legisse
1615 3785 1676 3852 sibi

382 3891 467 3953 nsua
488 3893 533 3954 est
554 3889 588 3952 tn
611 3892 669 3953 t.1
691 3906 717 3955 ν.
735 3889 789 3954 oct
799 3892 851 3954 ost
862 3906 930 3956 vion
949 3906 1037 3954 enoc.
1058 3907 1127 3966 arc,
1151 3889 1207 3954 sod
1220 3889 1297 3954 haec
1311 3909 1372 3954 oon
1386 3888 1623 3955 Dontasceuati
1644 3890 1676 3952 in

385 3990 490 4075 lapide
510 4011 574 4056 non
597 3992 732 4073 annotat

341 4114 361 4176 2
384 4121 460 4176 IMP.
478 4110 653 4193 c(AEsnR)
669 4121 698 4174 P.
716 4120 746 4175 0.
820 4120 1060 4175 REGALIANVS
1076 4121 1279 4176 AVGVSTVS.
1305 4111 1454 4176 Nummi:
1468 4109 1589 4176 Ecttet
1607 4109 1677 4175 VH

382 4237 418 4297 p.
433 4219 506 4290 462,
528 4212 634 4279 Oeten
658 4213 708 4278 VI
711 4213 724 4251 ²
741 4235 776 4295 p.
792 4218 842 4280 10,
882 4214 924 4278 In
939 4215 1074 4278 nunnus
1088 4215 1188 4278 causei
1203 4213 1452 4279 nfnoonouensts
1467 4233 1544 4294 qnos
1557 4211 1676 4279 nonna

386 4317 561 4398 deerunt,
584 4317 659 4380 itcon
681 4316 715 4381 in
737 4317 872 4380 nunionis
892 4315 997 4380 nonen
1019 4337 1050 4382 n.
1072 4321 1105 4382 2.
1127 4321 1148 4380 3
1170 4317 1328 4380 inuenitur
1352 4317 1432 4401 Imp.
1457 4315 1494 4379 O.
1511 4315 1547 4380 P.
1564 4315 1602 4380 O.
1616 4315 1674 4380 Rc-

384 4419 542 4502 galianus,
563 4419 597 4483 in
611 4439 737 4482 nuotaono
752 4425 816 4483 nd
832 4418 938 4484 Ooden
953 4418 1139 4483 Eclclcelo'um
1155 4424 1315 4484 auctorem
1329 4418 1467 4482 laudons
1480 4416 1564 4482 male
1579 4415 1676 4481 edidit

382 4523 464 4607 Imp.
481 4521 517 4585 C.
534 4520 570 4588 O.
587 4521 622 4588 P.
640 4520 844 4604 Regalianus.
879 4523 922 4587 In
937 4521 1040 4587 altera
1056 4541 1083 4589 c.
1101 4522 1208 4588 littero
1229 4544 1341 4587 nomen
1361 4521 1557 4605 gentilicium
1579 4521 1676 4586 latere

381 4624 514 4690 uidetur.
547 4623 648 4705 Apud
665 4624 855 4690 Trebellium
878 4624 1054 4690 Pollionem
1076 4626 1217 4690 traditur
1240 4625 1428 4707 Regilianus
1450 4644 1513 4690 uno
1536 4623 1603 4688 loco
1625 4644 1675 4688 ea·-

382 4730 470 4808 cepto
485 4727 539 4793 ott.
556 4727 629 4809 tu'y.
646 4731 705 4809 tyr.
721 4731 772 4806 10,
788 4732 809 4793 5
826 4737 896 4792 ‘rex
912 4729 998 4811 regis
1012 4729 1081 4812 regi
1098 4728 1286 4812 Regaliano'
1302 4728 1360 4812 (sic
1375 4727 1403 4792 B
1416 4727 1475 4810 P),
1497 4725 1553 4792 sed
1567 4731 1676 4791 auctor

382 4833 517 4913 propter
537 4831 640 4894 iocans
663 4829 850 4913 Regilianus
870 4830 917 4894 oel
939 4831 1108 4914 Regiliano
1131 4832 1294 4916 saepsisse
1315 4830 1458 4909 videtum
1479 4829 1675 4913 Regalianus

384 4933 479 4998 coclea
498 4931 697 4997 Bodloc'anus
720 4933 797 4999 Viot.
819 4932 909 4998 Caes.
932 4937 981 5010 33,
1002 4939 1034 5011 2,
1059 4934 1220 4999 Polenn‘us
1243 4934 1365 5000 Silenus
1377 4957 1414 5017 p.
1430 4937 1493 4999 521
1515 4933 1676 5018 (chronica
