3758 5628
229 311 386 366 CEIONIV
388 313 407 367 S
620 321 626 330 ·
875 299 938 365 329
1408 308 1584 365 CEIONIVS

293 508 332 573 L.
355 506 507 573 Aurelius
523 508 630 573 Verus
652 507 820 592 Augustus
834 508 961 591 passim
983 508 1017 572 in
1040 505 1192 572 uitiiset
1213 507 1349 572 nunsntia
1370 505 1491 572 Eclthel
1514 504 1587 570 VII

289 633 326 695 p.
341 615 383 677 89
397 631 472 694 sqq,
493 610 600 678 Celsen
615 611 697 678 [11²
715 633 751 694 p.
767 616 827 676 171
841 630 906 692 sqq.

364 713 403 779 Vt
425 715 459 779 in
475 719 572 797 patre
594 712 649 795 (of.
670 734 703 780 n.
723 713 808 797 503),
830 713 880 778 itu
901 713 936 778 in
963 711 1144 778 nominibus
1164 711 1259 776 liuius
1280 712 1359 776 mire
1381 710 1586 776 hariolantur

291 817 461 901 scriptores
483 818 538 899 oui
559 816 706 882 dicuntia
727 815 879 880 bistoriue
893 814 1075 898 Augustae:
1096 814 1134 880 L.
1153 812 1306 880 Aurelius
1323 813 1475 880 Ceionius
1492 811 1585 878 Com-

292 919 407 984 modus
422 919 529 984 Verus
553 917 737 984 Antoninus
758 919 813 982 uit.
829 917 918 983 Aelii
935 922 968 995 2,
984 923 1013 995 9,
1037 918 1076 982 L.
1095 916 1248 982 Ceionius
1262 916 1375 982 Aelius
1389 913 1586 982 Commodus

292 1021 399 1087 Verus
422 1021 615 1105 Antoninus,
646 1023 702 1108 qui
731 1044 773 1086 ex
796 1020 955 1086 Hadriani
985 1019 1153 1086 voluntate
1176 1019 1290 1086 Aelius
1318 1017 1498 1107 appellatus
1527 1028 1584 1101 est,

293 1146 334 1188 ex
350 1123 505 1189 Antonini
529 1125 755 1189 coniunctione
770 1124 877 1189 Verus
901 1133 933 1188 et
948 1123 1132 1188 Antoninus
1146 1123 1213 1188 uita
1227 1128 1257 1201 1,
1273 1128 1312 1202 3,·
1334 1121 1462 1187 Annius
1478 1121 1585 1186 Verus

291 1228 346 1294 vit.
362 1227 530 1294 Hadriani
551 1233 651 1305 24,1,
674 1227 727 1292 vit.
744 1225 802 1292 Pii
823 1229 926 1306 6,10,·
947 1225 1078 1291 Marcus
1090 1227 1272 1312 'imperium
1295 1224 1430 1311 adeptus
1452 1222 1584 1289 fratrem

294 1327 357 1395 sibi
379 1331 569 1416 participem
592 1332 624 1394 in
642 1331 777 1417 imperio
792 1329 984 1412 designavit,
1001 1351 1097 1415 quem
1113 1329 1151 1394 L.
1167 1327 1336 1394 Aurelium
1352 1328 1477 1393 Verum
1491 1325 1585 1392 Com-

293 1431 425 1496 modum
447 1430 686 1518 appellavit-
714 1469 749 1478 -
773 1431 930 1496 Antonini
953 1453 1030 1496 mox
1052 1432 1120 1517 ipse
1143 1453 1260 1497 nomen
1282 1431 1405 1518 recepit
1427 1439 1467 1514 et,
1491 1429 1585 1516 quasi

293 1543 387 1621 pater
406 1534 444 1602 L.
469 1533 639 1600 Commodi
662 1531 761 1614 esset,
792 1544 826 1599 et
847 1534 971 1600 Verum
1000 1556 1073 1600 eum
1096 1532 1274 1620 appellavit
1295 1532 1404 1598 addito
1427 1530 1586 1597 Antonini

293 1638 422 1702 nomine
449 1639 505 1703 vit.
533 1636 646 1702 Marci
668 1643 695 1714 7,
717 1641 793 1706 5-7.
845 1637 1004 1702 Antonini
1033 1658 1149 1701 nomeu
1179 1635 1260 1700 falso
1290 1638 1319 1701 ei
1347 1634 1503 1700 tribuitur
1530 1633 1585 1699 vit.

292 1738 381 1804 Aelii
400 1744 497 1817 5,12,
523 1740 670 1805 Macrini
682 1743 712 1818 3,
728 1745 765 1820 4,·
788 1745 816 1818 7,
834 1746 862 1817 7,
884 1738 1077 1805 Diadumen.
1092 1743 1122 1817 6,
1139 1743 1159 1804 6
1164 1757 1175 1818 ;
1196 1744 1225 1816 7,
1239 1743 1269 1816 4,
1292 1737 1474 1803 Alexandri
1487 1741 1538 1814 10,
1553 1739 1585 1803 5.

293 1840 331 1905 L.
350 1840 476 1907 Annius
491 1843 677 1908 Antoninus
691 1840 808 1926 Verus,
827 1843 935 1908 Verus
946 1840 1078 1907 'Annius
1094 1841 1278 1908 Antoninus
1293 1841 1428 1924 Eutrop.
1443 1843 1473 1916 8,
1490 1844 1520 1904 9.
1535 1843 1586 1916 10,

292 1943 331 2009 L.
349 1942 479 2010 Annius
501 1939 607 2010 Verus
629 1945 777 2029 Epitornc
799 1951 848 2024 16,
870 1950 899 2012 5.
939 1943 1084 2012 Cetenun
1111 1943 1198 2028 apud
1217 1945 1387 2027 scriptores
1401 1942 1588 2027 pta-rause

292 2047 331 2114 L.
354 2047 460 2112 Verus
482 2047 530 2112 vel
551 2047 669 2113 Verus.
1253 2050 1256 2058 '

356 2149 460 2216 Natus
483 2147 674 2216 cst'ltomae
697 2152 730 2215 in
752 2158 905 2237 praetura
926 2150 1027 2235 patris
1049 2150 1098 2214 sui
1122 2150 1178 2231 (τ-
1200 2171 1229 2214 a.
1252 2149 1327 2232 180)
1349 2148 1380 2213 d.
1406 2147 1445 2214 15
1467 2145 1587 2212 mensis

293 2251 490 2336 Decembris,
515 2253 568 2317 die
583 2275 648 2340 quo
665 2263 697 2318 et
710 2254 796 2318 Nero
812 2250 867 2334 (ef.
884 2253 1013 2319 Sueten.
1031 2252 1121 2318 Nero
1137 2252 1168 2335 6)
1189 2254 1257 2317 vitu
1278 2258 1306 2333 1,
1322 2255 1352 2329 8,
1375 2249 1456 2334 fasti
1475 2247 1588 2314 Philo·

293 2355 357 2420 culi
369 2361 400 2421 ei
414 2355 512 2422 Sunii·
525 2356 566 2421 1²
581 2377 618 2439 1).
633 2360 707 2423 278.
731 2361 806 2422 279.
841 2354 943 2440 Origo
967 2358 1037 2420 eius
1059 2363 1195 2441 paterna
1215 2355 1372 2442 pleraque
1393 2375 1436 2417 ex
1453 2353 1587 2418 Etruria

291 2457 361 2542 fuit,
388 2468 535 2524 materna
557 2480 598 2523 ex
620 2460 780 2524 Faventia
800 2459 869 2524 vita
889 2464 918 2536 1,
942 2464 980 2536 9;
1007 2459 1061 2524 avi
1091 2468 1124 2523 et
1152 2460 1265 2544 proavi
1292 2468 1325 2523 et
1346 2459 1422 2521 item
1450 2456 1587 2520 maiores

260 2641 264 2648 1
292 2561 423 2646 plurimi
446 2562 631 2634 consulares
653 2562 718 2630 ibd.
734 2566 764 2640 1,
782 2567 804 2626 7
824 2562 866 2644 of.
886 2566 1018 2627 stenuna
1034 2561 1122 2628 adn.
1137 2565 1206 2627 503.
1244 2563 1343 2628 Patre
1359 2558 1400 2624 ab
1417 2557 1586 2623 Hadriano

294 2686 321 2729 a.
347 2665 407 2730 136
436 2665 589 2752 adoptato
621 2666 653 2728 in
685 2664 841 2730 familiam
863 2663 991 2730 Aeliam
1020 2665 1152 2730 devenit
1180 2673 1372 2750 mortuoque
1402 2669 1493 2748 patre
1520 2658 1587 2725 kal.

294 2766 453 2832 Ianuariis
473 2791 503 2832 a.
522 2769 582 2834 138
605 2767 638 2832 in
655 2767 815 2832 Hadriani
831 2765 953 2832 familia
969 2769 1123 2832 remansit
1140 2767 1204 2832 ibd.
1221 2771 1308 2844 2,1,·
1329 2765 1365 2829 id
1386 2762 1587 2846 quodminus

294 2875 439 2936 aaaron
460 2870 578 2935 dietum
606 2870 739 2948 videtne
769 2875 851 2935 certe
879 2871 928 2935 ita
956 2869 1228 2954 interpretandum
1257 2873 1310 2946 est,
1340 2872 1376 2932 ut
1401 2863 1588 2932 Contrnodus

291 2993 354 3038 non
369 2974 439 3038 iure
454 2967 636 3058 adoptionis
651 2975 685 3038 in
696 2978 820 3057 perstem
834 2973 963 3038 Aeliani
986 2974 1150 3038 anesten
1173 2973 1212 3057 (o.
1225 2970 1347 3055 supra),
1369 2969 1424 3035 sed
1438 2969 1473 3033 in
1496 2966 1586 3033 dorne

293 3077 503 3158 inperatoria
516 3095 613 3160 usque
628 3076 672 3141 ad
687 3075 885 3158 adoptionem
905 3076 939 3140 T.
955 3075 1084 3140 Aurelii
1096 3074 1195 3140 Fulvi
1213 3077 1356 3139 moratus
1376 3073 1427 3138 ait.
1462 3071 1526 3136 Die
1545 3071 1585 3135 25

294 3169 393 3243 mens.
411 3177 581 3244 Februarii
603 3202 633 3245 a.
651 3179 712 3244 188
736 3178 923 3247 Hadrianus
938 3179 976 3246 Τ.
993 3177 1162 3244 Aurelium
1176 3177 1309 3243 Arrium
1323 3175 1526 3242 Antoninum
1549 3195 1588 3238 ea

224 3267 228 3276 ’
293 3278 364 3364 lege
388 3283 421 3346 in
446 3281 649 3369 adoptionem
666 3280 773 3366 elegit,
791 3291 828 3346 ut
843 3280 897 3345 ille
911 3280 956 3346 M.
974 3280 1118 3346 Annium
1132 3281 1257 3346 Verum
1272 3289 1305 3344 et
1318 3280 1356 3345 L.
1373 3274 1587 3344 Commodum

293 3383 355 3448 sibi
376 3383 546 3472 adoptaret
565 3387 633 3450 uita
656 3390 690 3463 2,
711 3385 765 3450 vit.
785 3383 843 3448 Pii
860 3387 890 3462 4,
911 3387 987 3462 5-6,
1019 3384 1181 3462 Murci5,
1202 3388 1232 3461 1,
1260 3382 1370 3449 Severi
1389 3386 1443 3458 20,
1467 3383 1496 3456 1,
1519 3376 1587 3442 Dio

293 3491 342 3564 69,
358 3491 420 3567 21,·
440 3487 621 3554 nominibus
641 3487 690 3552 sel
711 3486 934 3570 adoptionibus
956 3487 1099 3568 confusis
1117 3487 1171 3552 uit.
1189 3485 1356 3552 Hadriani
1370 3489 1422 3562 24,
1445 3486 1475 3560 1,
1498 3479 1588 3546 Aelii

292 3595 322 3666 5,
340 3594 402 3668 12,·
423 3594 452 3667 6,
469 3595 507 3668 9;
530 3595 558 3667 7,
578 3594 612 3656 2.
656 3590 736 3655 Post
757 3590 931 3676 septimum
953 3611 1074 3654 annum
1097 3591 1130 3653 in
1153 3588 1309 3655 familiam
1332 3585 1498 3653 Aureliam
1522 3593 1585 3650 tra·

294 3691 409 3756 duetus
431 3690 533 3756 Marci
555 3691 699 3757 moribus
723 3701 757 3757 et
778 3693 970 3757 auctoritate
992 3691 1148 3757 formatus
1170 3701 1219 3756 est
1239 3692 1307 3756 uita
1325 3695 1359 3768 2,
1382 3695 1433 3755 10.

356 3793 525 3860 Educatus
548 3806 596 3860 est
617 3795 651 3860 in
674 3794 770 3860 domo
793 3794 985 3874 Tiberiana,
1012 3794 1217 3861 educatorem
1240 3793 1354 3859 habuit
1377 3789 1586 3857 Nicomedem

294 3895 348 3980 (of.
362 3897 395 3962 A
410 3897 507 3976 1281)
528 3900 596 3963 vita
615 3902 648 3975 2,
664 3901 693 3965 5.
709 3902 740 3964 9.
773 3895 912 3962 Audivit
935 3897 1129 3964 Scaurinum
1151 3899 1397 3981 grammaticum
1420 3895 1583 3969 Latinum,

295 4000 409 4066 Scauri
426 4000 539 4083 filium,
555 4001 611 4086 qui
625 4002 855 4086 grammaticus
871 4000 1030 4066 Hadriani
1046 4000 1116 4084 fuit,
1134 4002 1277 4069 Graecos
1289 3998 1469 4084 Telephum
1487 4006 1586 4082 atque

274 4094 574 4190 Hephaestionem,
599 4103 898 4188 Harpocrationcm,
921 4102 1065 4168 rhetores
1081 4103 1297 4189 Apollonium,
1321 4100 1467 4167 Celerem
1490 4097 1586 4165 Cani·

293 4204 384 4270 nium
406 4201 439 4270 et
460 4205 625 4270 Herodem
647 4203 808 4288 Atticum,
832 4205 987 4271 Latinum
1009 4205 1195 4272 Cornelium
1217 4207 1412 4270 mononem
1435 4199 1490 4283 (cf.
1514 4200 1589 4266 Veri

221 4299 225 4306 ’
294 4313 323 4372 et
336 4307 515 4373 Frontonis
536 4307 710 4392 epistulae),
734 4308 941 4394 philosophos
956 4309 1168 4396 Apollonium
1182 4306 1438 4375 Chalcedonium
1461 4302 1515 4387 (os.
1530 4303 1586 4368 uit.

294 4409 405 4475 Marci
417 4415 447 4489 3,
464 4413 496 4496 7)
519 4423 551 4477 et
573 4413 710 4479 Sextum
726 4411 985 4478 Chaeronensem
1006 4412 1058 4496 (cs.
1075 4413 1129 4476 uit.
1146 4411 1258 4477 Murci
1270 4414 1300 4488 3,
1316 4413 1371 4498 2);
1393 4408 1452 4474 hos
1476 4429 1586 4473 omnes

295 4514 415 4579 amavit
430 4515 526 4580 unice
540 4525 638 4602 atque
653 4514 695 4579 ab
712 4515 762 4580 his
780 4515 814 4578 in
830 4516 935 4579 vicem
950 4513 1086 4580 dilectus
1108 4522 1165 4598 est,
1189 4535 1249 4578 nec
1270 4522 1379 4578 tamen
1401 4511 1586 4595 ingeniosus

296 4613 336 4678 ad
355 4615 479 4683 litteras
501 4618 563 4684 fuit
583 4619 651 4683 uita
672 4623 704 4683 2.
750 4617 823 4698 Quo
854 4615 907 4681 die
937 4627 1046 4702 togam
1075 4617 1202 4682 virilem
1232 4617 1371 4702 accepit,
1401 4613 1586 4680 Antoninus

297 4717 373 4784 Pius
403 4742 441 4785 ca
471 4715 655 4804 occasione,
685 4742 750 4806 qua
776 4720 877 4806 patris
900 4719 1055 4806 templum
1081 4719 1269 4803 dedicabat,
1300 4717 1419 4806 populo
1441 4714 1586 4781 liberalis

298 4818 358 4886 fuit
378 4821 537 4900 nitu3,1.
579 4824 646 4905 Quo
663 4823 826 4906 pertinent
844 4823 967 4886 nummi
981 4823 1038 4888 Pii
1059 4823 1127 4888 cusi
1149 4845 1179 4891 a.
1194 4827 1263 4908 145,
1286 4823 1342 4906 prii
1360 4819 1588 4886 liberalitatem

297 4921 370 4990 ΙΙΠ.
382 4921 573 5008 praedicant
599 4923 705 4993 Celsen
723 4926 769 4992 Π
778 4947 814 5009 p.
835 4929 906 4991 318.
950 4925 1038 4991 Ante
1067 4936 1193 5012 tempus
1222 4949 1242 4990 a
1271 4926 1330 4990 Pio
1361 4933 1511 5010 quaestor
1533 4921 1587 4987 de-
