3758 5628
214 333 399 391 cmunws
859 333 923 401 387

277 533 374 617 simo)
396 542 429 599 et
450 535 555 621 primo
578 565 620 590 ==
641 559 670 605 a
694 539 768 604 249.
811 541 926 624 ltaque
955 547 1074 608 certum
1102 545 1300 612 estendam
1322 568 1386 614 esse
1406 549 1570 617 Merinum

276 635 332 717 qui
360 634 478 702 dicitur
499 637 617 706 Zosim,
640 645 670 717 1,
693 646 748 706 26.
771 647 831 721 21,
855 643 975 712 Zonar.
1000 649 1053 723 12,
1077 651 1135 725 19;
1162 647 1311 714 Marinus
1341 673 1361 716 o
1388 651 1570 737 legionibus

277 737 466 804 Pannoniae
494 748 527 805 et
554 742 698 808 Moesiae
720 745 778 828 (sic
800 744 931 824 Zosim,
961 747 1063 813 solunr
1085 749 1241 816 Moesiam
1262 759 1415 820 memorat
1435 755 1570 842 Zonar.)

277 839 452 927 imperator
473 853 679 931 nuncupatus
701 845 761 911 sub
783 847 881 912 finem
911 850 1037 936 imperii
1061 850 1205 939 Philippi
1235 854 1332 941 poulo
1357 867 1430 942 post
1455 859 1496 925 eb
1519 859 1571 924 iis·

277 941 349 1008 dem
371 945 560 1011 interfectus
583 957 648 1032 est3
678 959 791 1016 contre
821 950 988 1017 seditionis
1018 963 1165 1020 auctores
1187 955 1238 1039 (C.
1261 957 1414 1042 Messius)
1436 959 1569 1045 Decius,

278 1049 336 1134 qai
358 1047 497 1114 subinde
519 1051 698 1137 imperavir,
727 1075 747 1118 o
768 1052 920 1141 Philippo
943 1057 1060 1122 missus
1083 1068 1131 1124 est
1153 1057 1309 1139 Zosimus,
1332 1060 1483 1127 Zonaras
1505 1053 1525 1127 l.
1549 1061 1570 1128 l.

278 1171 318 1214 cs
336 1149 442 1216 eodem
464 1157 601 1222 6661666.

213 1251 277 1316 743
297 1263 428 1319 srnvs
453 1257 905 1342 on(nvn1vs)nnsr1nn1s
952 1261 1084 1326 Nummi·
1106 1261 1273 1329 Thracia:
1302 1265 1335 1348 a)
1359 1265 1510 1333 serdicae
1535 1268 1571 1333 ia

272 1360 371 1438 parte
386 1357 520 1424 adversa
534 1359 657 1425 anhelet
672 1365 769 1445 caput
782 1361 902 1426 nudam
920 1364 1124 1446 imperatoris
1137 1366 1176 1431 L.
1200 1365 1275 1432 Veri
1289 1373 1318 1433 ct
1332 1369 1569 1453 campitorem

277 1455 483 1526 161666.
510 1459 657 1550 Αὐρήλιος
686 1462 819 1549 Οὐῆρος,
850 1466 884 1528 in
913 1485 1026 1530 66666
1045 1465 1273 1551 Aesculmiiam
1299 1475 1436 1536 stantem
1466 1477 1495 1536 et
1522 1471 1570 1535 in-

275 1562 478 1644 scriptionem
500 1561 780 1652 ‘Hreiuouedovsocl
806 1564 864 1632 Κλ.
892 1563 1009 1634 Ἀππίου
1037 1575 1237 1634 ΜΑΡἹἹΛΛΟΥ
1260 1573 1381 1657 Σερδῶν
1405 1570 1569 1650 Frddlicit,

277 1663 434 1744 Quattuor
460 1668 637 1733 tentmnina
658 1669 704 1735 II
712 1691 749 1753 p.
765 1673 838 1748 216,
868 1669 1006 1748 Eclrdel,
1036 1670 1179 1756 Gataloq.
1202 1675 1303 1739 mmei
1324 1674 1570 1740 medolanensis

276 1767 302 1832 I
318 1789 355 1849 p.
379 1773 419 1832 61
440 1790 471 1834 a.
496 1774 516 1833 1
546 1771 632 1856 (inde
663 1771 811 1838 Mionmt
839 1771 952 1858 Semini.
975 1774 1022 1840 II
1039 1797 1076 1858 p.
1098 1780 1163 1842 484
1191 1781 1348 1862 61657),
1375 1777 1436 1843 ssd
1456 1781 1571 1860 postea

277 1869 415 1948 Eelrlrcl,
448 1871 560 1938 Doctr.
585 1873 681 1942 Nam.
705 1875 751 1940 II
760 1897 797 1958 p.
819 1880 860 1940 47
882 1877 977 1959 cip.
999 1876 1142 1961 2616661
1168 1878 1326 1962 ediditque
1351 1885 1570 1960 ΜΑΡΤΙΑΛΟΥς

277 1973 360 2038 idem
379 1973 561 2059 06161661.
578 1977 597 2042 l.
616 1983 694 2060 post
713 1998 799 2042 num.
820 1999 842 2042 a
862 1977 988 2043 attulit:
1012 1982 1043 2044 ‘2
1059 1979 1162 2062 Alius,
1186 1979 1244 2045 sed
1260 1991 1358 2068 caput
1375 1981 1569 2064 laureatum,

277 2085 310 2138 et
338 2075 454 2142 mulier
483 2078 598 2143 sedens
628 2103 653 2144 s.
684 2081 911 2167 oomucopioe’
937 2080 1331 2164 intentamente.
1357 2085 1460 2169 1658),
1490 2105 1571 2168 qnae

275 2180 373 2244 oerba
394 2182 450 2262 qui
471 2181 561 2265 lecit,
590 2203 656 2248 666
670 2188 777 2266 potest
796 2205 861 2249 non
877 2189 997 2267 putare
1017 2184 1101 2250 tumr
1122 2207 1284 2251 annerum
1306 2192 1441 2253 ceterum
1463 2185 1571 2250 eadem

277 2283 435 2366 incm'qrta
457 2283 573 2350 labere
595 2290 689 2368 atque
710 2307 795 2354 6666.
819 2309 849 2352 a.
891 2287 997 2368 Atque
1019 2287 1140 2352 Eclrlrel
1160 2289 1229 2371 inse
1250 2287 1362 2355 Doctr.
1385 2288 1406 2354 l.
1431 2288 1450 2352 l.
1476 2287 1571 2352 Mar·

277 2383 386 2449 tialem
401 2385 553 2453 Serdicae
570 2389 615 2452 ‘in
632 2387 717 2453 binis
733 2392 874 2454 nummis
890 2389 980 2456 Veri'
1005 2393 1179 2456 nremorari
1199 2392 1335 2476 scripsit.
1372 2391 1419 2456 Ar
1439 2410 1475 2455 re
1496 2410 1571 2454 ocra

273 2507 359 2554 num
382 2492 407 2553 2
435 2490 471 2554 ia
493 2496 592 2572 parte
622 2512 735 2556 aversa
759 2492 842 2558 nidd
864 2493 929 2557 nisi
949 2513 1062 2558 nomen
1083 2492 1235 2559 Serdicae
1257 2495 1445 2577 inscriptum
1466 2493 1569 2558 isabel.

276 2589 307 2672 b)
338 2589 432 2656 Mate
461 2591 634 2676 descrr'ptus
663 2599 709 2660 est
736 2615 883 2660 nmmnus
912 2594 1065 2661 Serdicae
1092 2595 1238 2680 Wicray‚
1270 2597 1420 2662 Muscam
1448 2595 1569 2661 Heder-

273 2694 444 2759 oarianum
479 2696 505 2761 Ι
514 2719 551 2779 p.
567 2701 607 2764 95
627 2719 659 2764 6.
674 2701 758 2764 2459
780 2697 865 2782 (inde
882 2698 1289 2780 11666661161656).
1335 2698 1363 2782 6)
1385 2697 1506 2763 Folms
1525 2703 1571 2764 est

274 2817 420 2862 muamus
434 2797 597 2877 Anchiali,
613 2821 702 2882 6666
715 2821 754 2864 ea
767 2799 923 2884 Ayostino
937 2799 992 2884 (cs.
1006 2800 1136 2878 Eelrlrel
1155 2799 1267 2867 Doctr.
1278 2823 1395 2867 mmm.
1410 2802 1497 2884 Hp.
1512 2799 1569 2883 26)

274 2901 408 2983 nmmsit
425 2899 577 2979 Varllant,
595 2902 801 2968 Numismata
821 2904 1048 2986 inmeratorum
1064 2925 1099 2986 p.
1115 2909 1163 2970 22
1185 2904 1271 2987 (mdc
1291 2904 1438 2970 Mimnct
1454 2902 1569 2986 Sapei.

273 3001 320 3067 II
330 3025 366 3085 p.
379 3009 445 3070 216
464 3024 495 3069 n.
512 3004 573 3088 63).
611 3004 644 3092 cD
665 3005 831 3070 Gmumus
843 3025 916 3078 ,esse
932 3010 1037 3089 potest
1057 3026 1202 3072 mmmm
1218 3006 1375 3072 Anchiali
1393 3028 1414 3070 6
1429 3005 1570 3072 Sestinio

276 3104 450 3189 descriptus
470 3107 595 3172 Lcttere
621 3131 637 3172 e
663 3107 884 3174 dissertissimi
908 3108 1146 3174 mmisruaticde
1177 3109 1212 3174 di
1240 3111 1478 3175 emnmarr'one
1507 3107 1568 3174 IV

272 3229 308 3291 p.
326 3211 366 3274 51
389 3207 474 3291 (6616
498 3207 645 3274 Mimnet
667 3209 780 3294 Somni.
805 3211 852 3277 ΙΙ
861 3233 898 3294 p.
921 3216 988 3277 217
1006 3231 1038 3276 6.
1055 3210 1118 3294 69),
1148 3213 1204 3294 qui
1228 3212 1263 3277 in
1289 3211 1423 3277 adverso
1445 3211 1569 3276 eslrrdet

275 3315 371 3393 caput
393 3310 442 3376 M.
458 3309 589 3376 Aurelii
610 3315 640 3376 et
659 3312 897 3395 inscriptionem
911 3311 967 3377 Αὐ.
984 3311 1051 3379 Και.
1067 3311 1109 3378 M.
1127 3311 1300 3402 11666166)
1317 3309 1511 3392 Merousion«,
1534 3314 1569 3377 in

275 3433 387 3478 666636
401 3413 542 3478 traditm
557 3419 631 3478 Hm
651 3421 687 3478 Μ.
709 3415 818 3496 (immo
833 3416 951 3497 ΗΓΕΜ.)
973 3423 1027 3480 An.
1045 3421 1102 3479 ΚΛ.
1120 3422 1322 3480 ΜΑΡΤΙΑΛΟΥ
1340 3421 1548 3480 ΑΓΧΙΑΛΕΩΝ.

342 3514 432 3598 Qruod
445 3517 481 3580 in
503 3537 629 3582 666666
647 3538 669 3582 6
686 3517 808 3583 Eolrluel
828 3516 919 3583 modo
934 3523 1142 3591 ΜΑΡΤΙΛΛΟΥ,
1157 3517 1249 3582 modo
1265 3524 1467 3581 ΜΑΡΤΙΑΛΟΥ
1483 3516 1565 3600 1666,

272 3641 344 3685 mm
353 3618 500 3684 Martrlli
512 3638 680 3702 coynmnen
693 3641 849 3702 66666666
860 3621 943 3704 osred
955 3621 1056 3685 seiam
1070 3621 1258 3697 inveniatur,
1269 3620 1420 3686 reminds
1431 3620 1568 3701 fortasse

274 3719 495 3805 explicandam
518 3722 737 3805 coyitaoeram
762 3722 846 3804 quod
865 3722 900 3787 in
921 3722 978 3788 doc
999 3743 1134 3798 musmo,
1157 3727 1192 3786 ut
1213 3742 1307 3806 saepe
1331 3723 1366 3786 in
1392 3721 1566 3798 ssraeieis,

273 3836 298 3887 A
322 3823 445 3888 litterae
465 3825 573 3905 forma
595 3829 724 3907 aperta,
754 3845 834 3908 quae
854 3824 937 3889 uidit
959 3823 1084 3888 disemo
1104 3829 1150 3888 est
1172 3845 1194 3888 6
1216 3823 1345 3889 lambda
1368 3823 1484 3901 littera,
1510 3823 1566 3888 ad

272 3925 375 3990 hibita
405 3929 492 3991 esset.
541 3928 739 4009 Quamquam
767 3931 872 3991 autem
901 3926 1304 3990 teramnensem
1330 3926 1455 3992 litterae
1485 3930 1567 3990 certe

274 4027 442 4093 distinctae
470 4033 560 4105 sunt,
589 4033 627 4093 ut
651 4029 756 4094 Iulius
784 4049 844 4093 666
874 4028 1008 4094 Senam
1034 4028 1283 4094 Vindobomnsrs
1310 4049 1437 4093 666666
1466 4029 1566 4094 denuo

273 4133 456 4197 eamniaato
488 4130 568 4194 milui
595 4132 724 4214 scripsit
752 4136 782 4196 et
810 4131 979 4215 conlimitat
1008 4137 1165 4215 estonum,
1200 4131 1285 4214 quod
1312 4131 1394 4196 idem
1424 4131 1567 4196 benevole

271 4235 367 4312 misit,
398 4239 504 4299 tamen
525 4232 650 4298 litterae
670 4237 748 4317 post
771 4240 869 4296 MAP'I'
893 4233 943 4298 ita
964 4232 1098 4298 detritae
1118 4237 1202 4310 srmt,
1224 4238 1260 4297 ut
1287 4237 1369 4298 certe
1392 4231 1567 4297 diiudicari

272 4359 335 4402 non
359 4337 480 4420 possit,
509 4340 618 4402 utrum
645 4337 765 4418 suerint
791 4343 837 4398 ΑΛ
868 4356 912 4400 66
932 4343 988 4402 ΛΑ.
1039 4335 1153 4417 Itaque
1183 4334 1258 4399 donn
1285 4354 1431 4400 nunmms
1455 4335 1566 4400 melius

271 4442 414 4504 seruoms
443 4444 473 4503 et
502 4443 584 4503 certe
614 4437 789 4522 damoetas
815 4439 851 4502 in
874 4438 1039 4521 6666116666
1062 4435 1210 4520 madeat,
1240 4437 1307 4502 veri
1328 4437 1409 4501 milui
1430 4437 1566 4503 similius
1690 4465 1692 4472 ’

271 4541 395 4606 amar
416 4541 507 4606 illrum
528 4541 684 4606 horninem
705 4542 804 4624 fuisso
824 4541 1025 4618 Martialern,
1047 4561 1112 4605 nen
1135 4540 1330 4608 Mortillum.
1379 4539 1439 4605 Vm
1461 4545 1567 4605 66166

273 4649 378 4710 autad
404 4663 483 4727 opus
511 4647 558 4709 cst
585 4665 710 4710 monem
737 4643 878 4710 Graecos
905 4663 1018 4708 nornen
1048 4642 1221 4707 Martialis
1249 4641 1424 4708 reddidisse
1453 4645 1483 4706 ct
1503 4663 1565 4725 per

272 4746 453 4833 Μαρτιάλιος
468 4751 498 4811 el
508 4768 572 4829 per
587 4745 750 4832 Μαρτιᾶλις
767 4751 797 4812 ct
813 4767 876 4829 per
890 4743 1063 4832 Μαρτιάλης
1077 4745 1120 4828 6).
1133 4745 1186 4812 01
1185 4745 1216 4811 G
1232 4746 1299 4811 III
1311 4744 1398 4810 Add,
1414 4743 1563 4822 384623⁴,

270 4849 295 4913 I
297 4848 354 4914 ΘΙ
370 4853 455 4916 1572
476 4879 517 4904 =
538 4848 621 4916 OIG
644 4853 736 4926 6512,
761 4849 941 4916 1612545
961 4879 1003 4901 --
1026 4845 1076 4914 01
1077 4848 1107 4915 G
1130 4853 1221 4914 6959.

337 4951 479 5035 Legatos
509 4951 748 5036 (Augustorum
779 4973 838 5038 pro
870 4951 1033 5036 praetore)
1065 4952 1251 5037 provinciae
1284 4949 1445 5016 Thraciae
1478 4950 1565 5016 intra

271 5076 300 5122 6.
325 5053 461 5122 1611169
481 5057 612 5122 mamni.
1303 5067 1358 5124 25*
