3758 5628
185 339 402 445 C-Ipt—VPIVA
833 339 896 408 375
1355 355 1541 416 cnevmvs

252 535 319 617 fere
340 540 579 623 prinpuapinta,
602 563 678 624 perne
699 544 790 626 infra
811 545 974 635 indicaui.)
1019 547 1106 614 Nam
1127 549 1202 616 inde
1227 552 1268 616 ab
1296 553 1421 620 saeculo
1451 559 1544 622 tertio

253 645 329 720 past
353 640 517 708 Obristum
538 650 650 710 natum
671 648 841 729 scriptores
867 647 987 714 Graeci
1008 651 1156 734 (ecceeptis
1178 651 1345 720 dumtaxat
1374 655 1465 735 locis,
1487 659 1545 723 ubi

253 743 468 824 antiquiorum
496 749 624 830 scriptis
653 751 706 812 usi
733 750 817 832 arnt)
842 751 1013 834 pentrliciis
1041 752 1259 820 Romanamnn
1285 759 1335 822 uti
1362 760 1410 824 ita
1435 780 1544 844 super·

251 843 407 923 sederunt,
429 853 467 912 ut
485 849 534 914 uel
553 851 723 934 scriptores
737 851 959 918 Romanarum
973 875 1080 920 rerum
1094 857 1192 921 ueluti
1206 857 1410 926 Heraclianus
1423 881 1545 947 semper

249 947 446 1028 peutilicium
471 953 641 1018 ammerint.
693 955 782 1035 Quae
810 975 880 1020 cum
908 957 955 1022 ita
989 959 1070 1036 sent,
1103 981 1143 1024 ne
1175 959 1268 1026 libris
1294 963 1419 1044 puidam
1447 987 1545 1031 manu

252 1051 381 1132 scriptis
397 1051 524 1132 Galerii,
537 1077 727 1139 quarumnam
735 1077 857 1140 parum
871 1059 950 1124 certi
961 1059 1064 1126 adbuc
1076 1061 1113 1126 de
1128 1063 1170 1127 iis
1183 1064 1334 1142 novimus,
1348 1066 1545 1149 pontilicimn

254 1151 321 1216 cius
339 1159 496 1220 seruatum
518 1177 582 1222 esse
604 1157 799 1224 crediderim.
843 1159 948 1242 Atque
975 1161 1106 1227 Iuanus
1130 1163 1260 1242 Miller,
1290 1166 1341 1230 uir
1362 1167 1397 1233 in
1417 1169 1546 1252 emptis

255 1251 374 1320 datas
400 1259 537 1324 manian
568 1266 728 1339 versatus,
756 1283 778 1326 a
806 1283 854 1327 me
881 1267 1014 1346 ropatns
1044 1284 1077 1330 se
1106 1286 1269 1349 aunarium
1300 1289 1399 1352 neone
1428 1270 1465 1336 in
1496 1271 1545 1335 in-

252 1357 478 1439 scriptionibus
495 1383 593 1445 neque
611 1365 646 1428 in
666 1365 951 1448 subscriptionibus
974 1365 1128 1432 librorum
1149 1370 1216 1434 eius
1237 1373 1545 1457 manuscriptorum

252 1455 387 1524 Claudii
410 1484 522 1529 nannn
551 1467 704 1532 invenisse
734 1471 865 1533 testatus
893 1472 947 1535 est.
991 1469 1105 1552 Itaque
1130 1471 1211 1536 nibil
1235 1472 1362 1552 dubito,
1388 1476 1464 1558 puin
1487 1473 1545 1538 bac

251 1566 483 1630 renascentium
503 1566 624 1632 dunum
643 1567 822 1634 litterarum
843 1571 1049 1653 antrpuarum
1072 1578 1175 1639 aetate
1194 1573 1280 1657 salso
1300 1575 1423 1644 domn
1445 1577 1545 1642 tribu-

155 1661 160 1668 '
254 1667 320 1727 tum
341 1667 384 1730 sit
403 1668 469 1733 siue
491 1675 594 1735 ortum
615 1672 754 1753 sortasse
775 1693 814 1738 ecc
836 1673 1027 1755 compendiis
1048 1677 1226 1759 scripturae
1246 1678 1329 1744 νηοῖο
1349 1679 1461 1745 solutis
1480 1679 1545 1744 sioe

253 1787 292 1830 eac
321 1767 386 1833 alio
408 1793 523 1840 errore.
571 1773 638 1840 Sed
657 1796 728 1840 eam
747 1796 815 1840 rem
841 1795 911 1840 cum
938 1775 982 1841 ad
1003 1777 1098 1861 finem
1119 1779 1294 1862 perducere
1322 1786 1414 1846 eaba
1442 1802 1544 1846 τοιαιιι

151 1877 153 1882 ’
249 1871 453 1951 proaimiam
467 1876 518 1952 sit,
529 1882 762 1960 persequantur
773 1882 845 1961 apto
858 1877 998 1943 bmuines
1017 1878 1195 1946 litterarum
1210 1880 1298 1948 illius
1309 1884 1426 1948 aetatis
1433 1884 1544 1966 periti.

252 1971 387 2038 Interim
416 1996 473 2040 cur
500 1999 612 2044 nomen
635 2001 697 2063 per
725 1980 853 2044 saemla
883 1980 1036 2046 traditum
1066 1985 1256 2048 mcctoritate
1280 1986 1414 2069 antipca
1436 2006 1545 2051 carcre

252 2074 333 2138 mibi
352 2077 520 2157 rideretur,
544 2081 602 2147 boc
627 2081 693 2148 loco
715 2083 892 2165 exposuisse
917 2085 997 2150 satis
1017 2083 1195 2150 babendmn
1217 2091 1296 2159 crat.

324 2178 430 2247 Vitam
452 2182 571 2250 (taleni
592 2187 647 2269 qui
666 2188 870 2270 scripserunt,
894 2208 1002 2254 aarum
1022 2209 1106 2253 unus
1120 2190 1268 2256 Labbeus
1290 2190 1404 2275 dipnus
1425 2195 1471 2257 est
1491 2192 1548 2273 qui

251 2289 448 2350 memoretur.
506 2287 569 2368 Qui
596 2293 769 2372 postquam
809 2288 915 2356 libello
950 2291 1103 2375 inscripto
1139 2293 1218 2357 ‘vita
1251 2292 1380 2360 Claudii
1414 2292 1542 2362 Galeni’

253 2379 408 2462 (Parisiis
422 2410 453 2453 a.
464 2394 547 2454 1660
561 2390 658 2474 edita)
675 2391 757 2457 locos
770 2392 885 2458 multos
900 2415 937 2457 ea
952 2393 1044 2458 libris
1059 2393 1185 2472 Galeri,
1203 2397 1259 2477 qui
1273 2395 1317 2461 ad
1329 2397 1428 2462 citam
1446 2397 1546 2481 ipsim

252 2493 404 2568 spectant,
427 2494 609 2576 composuit,
636 2493 736 2560 altero
758 2494 863 2561 libello
886 2495 991 2560 eodem
1014 2516 1099 2562 arena
1120 2497 1203 2562 edita
1225 2499 1378 2582 inscripto
1402 2497 1543 2564 ‘Claudii

253 2588 370 2656 Geloni
394 2592 658 2680 chronologicum
681 2595 834 2680 elogium‘
851 2598 950 2662 vitam
972 2619 1011 2662 ecc
1033 2603 1205 2681 temporum
1228 2600 1338 2666 ordine
1359 2600 1545 2684 dispositam

252 2691 387 2759 breuiter
402 2701 575 2764 enarrabit.
608 2699 655 2765 Et
667 2699 750 2764 banc
764 2698 887 2781 quidem
902 2701 1001 2764 citam
1011 2701 1216 2766 Aclcermann
1229 2703 1265 2767 in
1278 2701 1413 2768 editione
1427 2708 1546 2787 quarta

253 2796 459 2865 bibliothecae
474 2821 610 2882 praecor
624 2800 775 2868 Fabricii
788 2803 828 2868 ab
848 2801 1014 2868 Harlessio
1036 2809 1150 2869 curata
1171 2804 1203 2869 V
1211 2826 1248 2887 p.
1262 2808 1325 2870 378
1338 2825 1402 2888 sqq.
1427 2804 1546 2871 additas

252 2900 441 2981 quibusdam
462 2901 539 2968 loces
561 2925 600 2968 ecc
618 2903 737 2970 Gabeni
757 2904 850 2970 libris
872 2910 1005 2971 ceterum
1027 2906 1228 2972 immutatam
1241 2907 1309 2989 scre
1323 2909 1458 2990 repetiit.
1490 2907 1543 2972 Ab

250 3002 474 3071 Acleermanno
497 3011 602 3072 autem
625 3005 728 3087 (cuites
748 3008 815 3072 uita
837 3008 872 3072 in
894 3007 1028 3073 editione
1048 3007 1166 3076 Gabeni
1188 3031 1317 3093 cpnum
1330 3031 1426 3092 quam
1444 3009 1545 3074 Kalen

249 3108 385 3188 paravit
399 3108 426 3173 I
433 3130 470 3191 p.
483 3108 577 3174 XXI
585 3129 649 3193 sqq.
672 3130 785 3175 rursus
807 3111 889 3194 typis
907 3111 1063 3193 impressa
1077 3116 1135 3196 est)
1149 3113 1323 3194 plicamque
1337 3114 1545 3177 recentiorum

250 3209 308 3273 lica
329 3211 455 3277 saenclo
469 3213 568 3276 vitam
585 3212 705 3278 Galerii
716 3212 765 3278 oel
780 3214 898 3296 paucis
913 3214 1088 3296 altiperunt
1107 3214 1155 3279 ael
1170 3213 1321 3297 pluribus
1336 3217 1546 3296 exposuerunt

250 3313 316 3377 sive
330 3313 491 3398 plidolopi
510 3316 575 3380 sive
589 3315 776 3398 pbilosopbi
787 3317 851 3380 sioe
868 3315 990 3392 medici,
1014 3315 1058 3381 ad
1078 3338 1176 3382 uuum
1199 3337 1303 3382 omnes
1323 3337 1420 3398 usque
1442 3315 1545 3381 adbuc

248 3415 399 3498 pendent.
439 3416 525 3483 Nam
550 3416 689 3497 Olinton
712 3419 810 3485 Fasti
830 3419 972 3484 Roniani
985 3419 1012 3484 I
1022 3441 1056 3502 p.
1072 3424 1141 3486 151.
1157 3424 1226 3486 155.
1242 3424 1302 3486 159
1318 3439 1429 3504 parcoa
1450 3439 1544 3502 quoe-

251 3518 325 3583 dane
349 3519 386 3586 de
407 3523 570 3587 smuntiis
592 3523 716 3588 Labbei
735 3523 868 3588 mutauit
890 3524 925 3586 in
940 3523 1044 3606 pecus.

316 3624 808 3706 PergamennsAtben.1‚1f,
838 3623 971 3707 Spncell.
989 3646 1026 3706 p.
1041 3628 1102 3690 666
1132 3624 1178 3689 ed.
1201 3623 1391 3702 Bonnensis,
1423 3623 1544 3689 Suidas

251 3746 276 3790 s.
298 3747 326 3809 o.
351 3727 487 3812 Γαληνός
508 3728 535 3793 Ι
544 3750 580 3810 p.
597 3732 681 3794 1667
700 3727 747 3794 cd.
770 3725 981 3809 Bernbardp;
1011 3727 1206 3810 Pergamum
1235 3729 1373 3812 patriam
1400 3727 1545 3795 Galenus

251 3828 333 3893 dicit
354 3830 421 3912 ipse
436 3832 568 3918 ὑγιεινῶν
585 3834 614 3907 5,
632 3834 654 3894 8
672 3830 723 3894 VI
725 3851 761 3913 p.
773 3833 848 3906 278,
871 3832 937 3915 περὶ
958 3837 1078 3917 τροφῶν
1100 3832 1358 3915 catenesiam
1371 3828 1422 3895 VI
1425 3851 1460 3912 p.
1471 3833 1543 3906 697,

252 3935 319 4018 περὶ
340 3939 400 3998 τῶν
422 3931 617 4000 πεπονθότων
640 3932 739 3998 τόπων
762 3937 794 4009 2,
817 3936 838 3998 5
861 3931 953 3998 VIII
962 3937 1035 4008 132,
1058 3935 1124 4017 περὶ
1144 3938 1195 4019 τῆς
1218 3940 1277 3997 τῶν
1299 3935 1403 3999 ἁπλῶν
1426 3935 1544 4019 ‹pappol-

252 4063 315 4102 κων
331 4039 468 4123 κράσεων
484 4040 534 4114 16,
550 4041 583 4102 2.
599 4039 619 4101 9
633 4035 715 4101 XII
723 4056 761 4117 p.
776 4038 849 4101 255.
865 4040 932 4102 272
945 4039 1001 4100 etc.
1036 4034 1143 4100 Natus
1157 4041 1203 4100 est
1217 4056 1301 4100 anna
1315 4034 1543 4116 sere128l129‚

251 4144 287 4204 ut
309 4160 348 4205 ecc
368 4140 410 4204 iis
425 4143 561 4222 apparet
575 4160 656 4222 quae
674 4139 741 4221 ipse
756 4137 793 4203 de
807 4138 976 4202 itineribus
989 4137 1127 4202 Romam
1141 4137 1238 4219 factis
1252 4136 1388 4202 tradidit
1400 4157 1428 4204 v.
1443 4135 1543 4217 infra.

250 4239 353 4307 Filius
368 4241 502 4307 Niconis
516 4252 702 4324 geometrae
725 4253 758 4306 et
776 4240 944 4306 architecti
960 4240 1052 4306 Suid.
1070 4240 1089 4305 l.
1107 4240 1128 4305 l.
1145 4240 1186 4321 cf.
1204 4239 1244 4305 N
1253 4244 1309 4318 63;
1331 4251 1455 4325 patrem
1469 4258 1544 4321 gao-

250 4346 394 4428 metriae,
408 4343 640 4428 arithmeticae,
656 4343 916 4426 architectonice,
933 4344 1157 4427 astronomiae,
1176 4341 1294 4426 logices
1312 4342 1543 4428 peritissimum

251 4447 350 4513 fnisse
362 4457 522 4514 memorat
534 4449 601 4532 ipse
616 4445 752 4528 (nomine
760 4447 870 4529 patris
882 4466 1039 4528 nusquam
1050 4445 1164 4528 allato)
1176 4448 1242 4530 περὶ
1252 4451 1352 4532 ψυχῆς
1366 4445 1472 4510 παθῶν
1485 4445 1545 4510 ο.8

257 4549 288 4614 V
291 4573 326 4634 p.
333 4557 384 4628 41,
397 4554 464 4638 impl
475 4552 619 4640 εὐχυμίας
634 4552 684 4616 καὶ
696 4552 882 4635 κακοχορίας
896 4556 1014 4635 τροφῶν
1026 4553 1083 4615 c.1
1099 4547 1150 4613 VI
1151 4569 1188 4631 p.
1203 4551 1271 4625 755,
1288 4551 1353 4634 περὶ
1367 4552 1420 4630 τῆς
1433 4546 1544 4616 τάξεως

251 4660 310 4720 τῶν
341 4655 423 4720 ἰδίων
454 4652 574 4744 βιβλίων
605 4674 630 4719 c.
653 4657 693 4720 59
716 4653 758 4734 cs.
782 4650 833 4716 VI
841 4672 879 4734 p.
903 4654 973 4728 784,
1005 4649 1097 4716 VIII
1106 4672 1143 4734 p.
1158 4653 1229 4727 587,
1252 4649 1289 4714 Χ
1301 4671 1338 4732 p.
1353 4653 1425 4727 669,
1447 4646 1543 4714 XIV

248 4780 285 4840 p.
297 4761 369 4836 608,
384 4756 421 4823 X
427 4756 478 4823 VI
481 4779 517 4840 p.
529 4761 608 4833 223,
623 4754 719 4822 XIX
725 4776 761 4838 p.
774 4759 815 4820 43
821 4774 832 4833 ,’
852 4765 988 4818 matram
1005 4774 1166 4817 morosam
1188 4754 1291 4836 (cuius
1305 4771 1417 4816 nomen
1432 4747 1543 4823 tamaii)

251 4869 409 4924 memorat
430 4862 497 4946 περὶ
518 4865 618 4946 ψυχῆς
639 4860 746 4925 παθῶν
767 4875 793 4924 c.
817 4859 849 4920 8.
891 4855 924 4920 Α
948 4865 1039 4941 patre
1069 4854 1244 4938 diligenter
1273 4853 1429 4920 muratus
1458 4862 1543 4939 post-

166 5003 171 5015 ·
251 4984 350 5048 qnam
365 4984 488 5028 annum
503 4971 654 5047 quartum
669 4959 831 5025 decimum
853 4959 1008 5046 explevit,
1030 4957 1072 5024 ad
1095 4959 1203 5022 studia
1223 4955 1448 5045 philosophica
1468 4977 1542 5020 con-
