3732 5622
175 321 392 380 CLEDONIVS
819 317 881 384 411
1355 327 1531 385 channae

242 524 339 597 1,12,
361 521 416 585 vit.
437 517 600 586 Commodi
614 525 642 599 6,
658 525 708 598 13,
724 522 772 585 tit.
803 519 960 602 (Aelium)
977 520 1155 604 Saoterum,
1171 524 1228 609 qui
1251 532 1326 588 ante
1348 545 1422 588 eum
1443 524 1532 590 cubi-

244 620 384 688 cularius
400 621 568 689 Commodi
591 622 705 706 fuerat,
731 622 894 689 interfecit
909 623 976 688 Dio
992 629 1045 702 72,
1061 629 1114 692 12.
1146 623 1229 690 Cum
1252 627 1396 708 graviter
1413 628 1531 692 Peren-

243 747 316 789 nem
339 725 539 810 praefectum
560 727 722 812 praetorio
745 725 875 810 odisset,
897 726 939 790 ad
956 748 1030 792 enm
1046 725 1223 792 tollendum
1237 750 1368 814 operam
1384 729 1534 814 praebuit

241 825 308 892 Dio
324 832 375 906 72,
392 832 422 892 9.
459 827 539 894 Post
559 851 670 896 necem
694 829 849 894 Perennis
871 829 915 913 (a.
932 815 1001 910 sere
1014 833 1087 917 186)
1108 830 1201 916 quasi
1223 828 1352 897 domino
1375 830 1532 897 liberatus

241 951 400 995 summam
423 933 599 1016 potentiam
621 930 1101 1014 egitDio72‚10‚Herodion.
1124 932 1144 998 l.
1165 931 1196 1010 1.,
1219 955 1262 998 ex
1284 933 1417 999 arbitrio
1440 956 1531 1020 prae-

241 1032 341 1098 fectos
363 1035 524 1120 praetorio
547 1035 681 1099 retinuit
703 1034 840 1100 removit
862 1033 981 1099 occidit
1001 1035 1055 1100 at.
1077 1031 1193 1102 00000.
1216 1040 1245 1113 6,
1267 1039 1306 1114 8;
1328 1057 1401 1100 cum
1424 1036 1531 1102 Aebu-

241 1137 364 1200 tianum
386 1135 584 1223 praefectum
607 1137 786 1220 occidisset,
809 1137 853 1200 ‘in
877 1137 946 1202 eius
968 1135 1074 1202 locum
1096 1137 1166 1223 ipse
1181 1136 1342 1203 Cleander
1365 1161 1437 1204 oum
1459 1139 1531 1205 aliis

240 1236 376 1319 duobus,
400 1261 481 1325 quos
513 1240 581 1326 ipse
603 1239 775 1324 delegerat,
805 1239 988 1325 praefectus
1011 1250 1060 1305 est
1081 1240 1194 1322 factus,
1228 1250 1368 1325 tuncque
1390 1243 1530 1327 primum

240 1348 306 1404 tres
334 1340 489 1426 praefecti
518 1343 681 1428 praetorio
709 1341 815 1424 fuere,
846 1344 931 1408 inter
953 1363 1034 1428 quos
1056 1340 1240 1424 libertinus,
1269 1343 1325 1428 qui
1348 1365 1369 1408 a
1388 1347 1531 1430 pugione

241 1442 421 1529 appellatus
444 1454 503 1510 est‘
527 1444 659 1529 (0011001
687 1466 708 1509 0
730 1444 824 1529 plebe
846 1465 909 1529 per
931 1443 1116 1527 1001110000)
1136 1445 1191 1510 vit.
1213 1443 1330 1513 0000.
1352 1451 1381 1524 6,
1404 1453 1531 1528 12-13,·

241 1545 423 1631 praefectus
438 1547 600 1633 praetorio
615 1546 676 1612 sub
687 1546 863 1614 Commodo
873 1547 1062 1612 Ammianus
1073 1551 1125 1625 26,
1138 1551 1167 1625 6,
1180 1551 1210 1616 8.
1240 1547 1279 1612 ln
1294 1569 1395 1613 unum
1409 1571 1530 1615 annum

241 1651 357 1731 viginti
373 1651 518 1738 quinque
533 1649 681 1716 consules
698 1651 907 1736 nuncupavit,
923 1660 1089 1717 senatores
1112 1660 1144 1715 et
1164 1651 1316 1737 patricios
1338 1650 1434 1734 legit,
1455 1674 1530 1716 cum

242 1753 349 1818 omnia
374 1751 571 1836 venditaret,
603 1755 766 1836 ingentem
795 1753 965 1838 pecuniam
992 1751 1122 1836 collegit
1149 1755 1204 1820 ott.
1232 1752 1348 1820 Coram.
1375 1758 1404 1831 6,
1431 1759 1528 1832 9-19,

241 1853 308 1920 Dio
320 1859 375 1932 72,
387 1861 439 1922 12.
469 1855 527 1938 (Μ.
540 1855 709 1921 Aurelium
724 1857 892 1942 Papirium
907 1855 1118 1940 Dionysium)
1133 1878 1153 1921 a
1168 1855 1372 1940 praefectura
1385 1855 1529 1942 Aegypti

240 1959 417 2023 summovit
431 1957 562 2024 Aeliae.
577 1959 621 2041 [r.
638 1962 679 2023 86
701 1957 748 2024 cd.
764 1957 908 2024 Heroter
929 1959 972 2042 ot.
991 1978 1091 2042 sopra
1104 1957 1137 2023 A
1155 1962 1251 2025 1283.
1296 1957 1453 2024 Thermas
1475 1981 1531 2024 cx·

241 2061 344 2127 truxit
365 2072 398 2127 et
419 2060 480 2126 sub
502 2061 631 2128 nomine
654 2061 822 2127 Commodi
845 2059 1009 2127 dedicavit
1026 2062 1080 2126 vit.
1102 2059 1219 2129 Corma.
1241 2065 1290 2138 17,
1313 2063 1342 2138 6,
1365 2059 1432 2127 Dio
1454 2060 1474 2127 1.
1499 2061 1530 2139 1.,

241 2164 408 2232 Herodian
430 2163 450 2232 1.
470 2163 491 2229 1.
510 2164 535 2247 §
553 2169 582 2232 4.
620 2162 704 2230 Cum
726 2186 769 2230 ex
790 2166 951 2248 gravitate
970 2185 1118 2230 annonae
1141 2162 1265 2247 (01.001.
1285 2161 1402 2229 00000.
1426 2169 1475 2242 14,
1498 2165 1530 2247 1)

241 2267 356 2334 seditio
379 2265 485 2355 plebis
507 2268 628 2332 Romae
650 2277 723 2332 orta
744 2277 845 2350 esset,
868 2266 1036 2333 Commodi
1067 2269 1157 2332 iussu
1185 2265 1375 2331 interfectus
1403 2267 1530 2330 estoit.

241 2369 449 2450 Cotnm.7,1,
473 2367 538 2434 Dio
561 2372 613 2446 72,
637 2373 687 2446 13,
708 2368 886 2438 Herodian.
907 2374 936 2454 1,
960 2375 1012 2448 12,
1034 2374 1111 2447 6-1,
1134 2373 1184 2447 13,
1206 2373 1226 2434 6
1248 2365 1393 2452 (qucum
1414 2389 1531 2433 narra·

240 2477 340 2540 tiones
367 2471 512 2538 00000101
541 2470 743 2554 discrepant).
795 2471 924 2538 000000
950 2470 1073 2536 videtur
1099 2475 1286 2550 0000189;
1312 2491 1389 2536 naon
1413 2491 1451 2534 oa
1475 2471 1529 2535 ott.

242 2573 357 2642 Comm.
377 2580 427 2653 14,
450 2579 473 2639 8
491 2579 627 2658 apparet
647 2572 842 2640 0100001000
862 2595 926 2640 aon
941 2573 1018 2657 plat
1032 2595 1129 2658 quam
1143 2575 1313 2640 trinomium
1321 2573 1531 2657 praefectura

239 2680 383 2762 forsetam
405 2697 478 2755 esse,
501 2697 596 2760 0000
618 2697 704 2742 0000
725 2677 793 2760 tere
813 2680 874 2742 186
895 2681 1068 2760 00000001.

304 2779 556 2846 Demostratiam
586 2779 753 2846 Commodi
781 2778 993 2845 concubinam
1022 2777 1118 2844 duxit
1147 2799 1282 2844 uxorem
1311 2776 1453 2856 91072,
1476 2782 1529 2846 12.

240 2883 475 2971 Constupravit
487 2881 567 2948 elias
583 2884 679 2948 etiam
691 2881 860 2949 Commodi
877 2880 1084 2965 concubinas,
1096 2879 1137 2946 de
1149 2881 1267 2968 quibus
1278 2878 1361 2946 filios
1377 2882 1528 2967 suscepit,

240 2988 296 3074 qui
319 2997 392 3073 post
413 2987 483 3051 eius
506 2987 673 3051 interitum
690 3007 763 3050 oum
783 2985 940 3051 matribus
956 2985 1140 3071 interempti
1154 2994 1230 3048 sunt
1243 2984 1297 3049 ott.
1313 2981 1431 3048 Coram.
1449 2988 1478 3060 7,
1491 2987 1530 3062 3;

238 3089 296 3154 filii
319 3109 394 3154 cum
415 3097 507 3174 patre
529 3088 626 3152 occisi
648 3086 826 3155 Herodian.
841 3091 871 3166 1,
884 3091 933 3164 13,
948 3091 977 3164 6,
999 3085 1085 3152 filius
1107 3084 1173 3152 Dio
1192 3089 1309 3163 7213.

172 3193 238 3259 884
260 3190 436 3258 Cledonins
462 3213 483 3255 a
504 3189 627 3276 Sapore
656 3188 698 3255 ad
727 3189 786 3272 (M.
809 3187 976 3270 Fulvium)
1005 3188 1208 3254 Macrianum
1230 3185 1405 3252 Valeriano
1435 3195 1529 3271 cepto

238 3294 353 3360 missus
374 3293 561 3376 40000000
574 3296 651 3376 post
671 3289 809 3358 Diootora
831 3291 879 3357 ed.
900 3289 1050 3373 Diodori
1067 3290 1098 3356 V
1105 3312 1142 3374 p.
1159 3293 1234 3357 219.

173 3399 237 3464 885
260 3396 420 3480 Clemens,
442 3395 610 3482 Agrippae
630 3395 777 3460 Postumi
800 3415 923 3479 servus,
947 3393 1114 3459 dominum
1131 3414 1166 3457 se
1189 3413 1258 3457 esse
1281 3390 1435 3457 simulans
1458 3401 1532 3477 post

238 3509 374 3566 mortem
394 3498 564 3585 Agrippae
586 3521 614 3566 a.
639 3499 679 3564 16
708 3496 882 3564 seditiones
905 3497 1075 3580 excitavit,
1107 3495 1182 3560 dein
1213 3505 1325 3582 captus
1348 3505 1382 3560 et
1404 3495 1530 3559 occisus

240 3603 381 3669 00100.
398 3623 428 3670 0.
442 3606 476 3679 2,
490 3605 540 3667 39.
557 3606 608 3679 49,
632 3601 761 3671 Sueten.
780 3600 952 3679 116026,
973 3599 1041 3667 Dio
1058 3603 1165 3677 67,16
1185 3595 1317 3679 (Zonar.
1332 3602 1383 3675 11,
1397 3595 1444 3672 2).

175 3706 239 3772 886
261 3705 429 3786 Clemens,
456 3703 641 3786 Atestinus,
669 3705 804 3770 marittu
833 3703 991 3788 Sabinae,
1023 3703 1065 3768 ad
1094 3723 1191 3788 quem
1212 3699 1372 3766 Martialis
1402 3700 1532 3786 scripsit

239 3807 338 3892 optor.
358 3811 408 3886 16,
427 3811 477 3874 93.

176 3911 238 3977 887
262 3909 422 3995 Clemens,
445 3911 567 3976 amicus
589 3909 718 3998 Apulei,
740 3918 836 3996 poeta
857 3907 1013 3994 11ρο1000
1034 3907 1141 3991 florid
1160 3912 1190 3985 1,
1211 3911 1240 3974 7.

176 4014 239 4080 888
262 4013 421 4098 Clemens,
437 4035 567 4100 praeses
583 4025 619 4080 ut
632 4013 763 4079 videtur
776 4023 882 4078 aetate
898 4011 1102 4096 imperatoris
1112 4009 1216 4074 Marci
1228 4007 1378 4092 (fortasse
1392 4007 1530 4096 1100100)

239 4114 307 4183 Dio
328 4121 449 4196 71,12.

176 4220 239 4285 889
262 4217 420 4302 Clemens,
437 4219 626 4306 Byzantius,
643 4218 873 4285 celeberrimus
888 4217 1129 4302 tragoediarum
1149 4227 1240 4282 actor
1257 4225 1362 4281 aetate
1382 4213 1530 4300 Septimii

240 4322 353 4388 Severi
369 4320 560 4388 Plattoatrat.
574 4323 629 4388 ott.
644 4321 731 4406 sapit.
745 4327 778 4400 2,
794 4325 848 4399 27,
863 4326 897 4388 2.

186 4461 228 4471 -
260 4425 299 4494 L.
321 4422 474 4512 Alpinius
496 4423 656 4492 Clemens.

186 4563 230 4575 —
262 4536 302 4593 M.
324 4535 538 4594 ARRECINVS
562 4536 749 4594 CLEMENS.

186 4666 231 4677 —
263 4629 509 4698 marracinus
531 4629 691 4699 Clemens.

187 4769 230 4780 ·—-
260 4734 371 4799 Attius
393 4733 553 4802 Clemens.

188 4873 231 4883 -
263 4835 415 4902 Aurelius
438 4836 620 4922 Clem[ens].

189 4975 231 4986 -
264 4943 534 5026 01000000)
556 4939 809 5024 cacavianus
833 4939 892 5023 ...]
916 4937 1125 5024 enumeret.
