3758 5628
156 370 347 425 CLAVDIVS
812 362 876 428 353
1334 373 1518 429 CLAVDIVS

290 566 489 649 Hepesrppus
523 567 611 649 apud
641 567 759 632 Eieeb.
793 566 865 635 unc.
898 567 971 632 eccl.
1004 573 1041 645 3,
1073 573 1118 635 32
1150 567 1204 648 (ab
1236 569 1375 634 Emebia
1401 569 1521 652 pendet
1609 610 1614 618 -

226 668 406 736 Chronicon
426 669 585 736 Pascbale
600 691 637 753 p.
653 675 713 734 471
729 669 775 737 ed.
791 668 982 751 Bannerisis)
1004 673 1152 738 narravit
1175 671 1358 736 Simeonem
1381 670 1518 736 alterum

225 771 294 856 (qui
310 770 426 853 futur)
442 773 628 858 episcopum
644 771 974 858 Hierosolymitanum
1000 783 1129 838 centum
1144 775 1260 856 viginti
1283 796 1385 838 annos
1408 783 1518 838 notum

224 876 415 961 martyrium
446 897 577 961 pessum
608 897 678 940 esee
708 877 755 941 ἐπὶ
785 875 932 963 Τραιανοῦ
964 875 1113 962 Καίσαρος
1141 880 1189 942 καὶ
1219 880 1359 943 ὑπατικοῦ
1383 873 1516 954 Ἀττικοῦ,

223 977 306 1043 uude
333 978 425 1062 culpa
449 1000 513 1060 pra
543 983 625 1043 certa
654 980 807 1044 statuitur
829 979 973 1042 Atticum
996 984 1126 1062 patrem
1156 979 1294 1044 Herodis
1323 979 1439 1062 Syriae
1471 979 1520 1044 cel

225 1081 366 1146 Iudaeae
395 1079 603 1146 Palaestinae
625 1082 818 1164 praefuisse.
867 1081 995 1146 Atticus
1028 1081 1082 1146 illc
1110 1083 1166 1163 qui
1194 1083 1313 1146 (licitur
1340 1080 1519 1146 consularis

224 1183 344 1248 scilicet
366 1183 498 1267 lepatus
517 1184 648 1248 narme'si
668 1183 785 1266 Syriae
800 1203 934 1266 praeses
956 1203 1020 1248 esse
1036 1184 1153 1266 potuit,
1177 1205 1247 1248 cum
1268 1184 1424 1250 Iudaeam
1446 1189 1519 1248 tunc

226 1287 376 1368 ternporis
393 1287 554 1370 praetorii
574 1289 725 1369 reperent.
769 1285 835 1351 Sed
861 1291 897 1348 ut
924 1287 1077 1350 incertum
1108 1291 1152 1351 est
1181 1288 1216 1352 iu
1238 1289 1418 1369 capnomiue
1439 1288 1519 1351 satis

224 1389 351 1472 culpari
372 1387 453 1470 (cide
476 1409 576 1470 supra
599 1410 636 1470 p.
652 1387 736 1462 178),
764 1409 840 1452 uum
869 1387 956 1470 apud
984 1387 1197 1472 Hepesippum
1225 1389 1449 1472 iutellcpeudus
1477 1391 1519 1452 sit

229 1493 276 1556 Τι’.
293 1490 452 1557 Claudius
473 1492 611 1568 Atticus,
635 1491 684 1554 ita
705 1495 833 1566 auctor,
857 1493 946 1555 cuius
969 1495 1035 1554 tola
1056 1493 1204 1555 narratio
1228 1491 1265 1556 de
1286 1491 1342 1556 dle
1364 1493 1520 1574 martyrio

222 1613 360 1677 prorsus
382 1614 404 1657 a
423 1613 496 1658 cero
528 1592 698 1658 abliorrere
726 1591 858 1670 otdetur,
888 1595 992 1657 nescia
1021 1615 1064 1657 an
1090 1593 1214 1658 nullom
1234 1598 1394 1658 mereatur
1415 1594 1517 1677 fidem.

226 1698 315 1778 Quae
332 1717 396 1760 uau
410 1701 516 1778 potest
537 1717 601 1760 non
617 1695 767 1778 deuepari
780 1696 884 1760 verbis
898 1697 1034 1776 sortasse
1058 1697 1098 1760 ab
1121 1699 1249 1761 auctare
1271 1697 1339 1780 ipsa
1362 1699 1519 1780 corruptis

226 1801 368 1881 Martyr.
391 1799 517 1880 Ipnatii
536 1819 573 1881 p.
594 1803 656 1863 307
677 1804 750 1862 aeta
772 1799 898 1881 Ipnatii
923 1798 968 1864 ed.
993 1798 1088 1863 Zolcn
1110 1801 1141 1864 ἐν
1166 1798 1224 1864 ἔτει
1246 1800 1371 1884 πέμπτῳ
1393 1801 1519 1887 (ἔννοὶτῳ

226 1903 305 1966 liber
327 1901 442 1982 Oxou.)
464 1907 517 1986 τῆς
543 1903 692 1988 βασιλείας
713 1900 861 1986 Τραιανοῦ
885 1901 1036 1986 Καίσαρος
1057 1904 1105 1966 καὶ
1131 1901 1259 1987 δευτέρῳ
1282 1901 1340 1968 ἔτει
1362 1903 1520 1973 ἐνυπατίας

225 2005 270 2082 (ἔν
287 2005 394 2088 bueria
409 2004 524 2082 Occu.)
541 2001 667 2069 Ἀττικοῦ
683 2007 732 2068 καὶ
744 2005 913 2089 Σουρβανοῦ
930 2001 1113 2081 (siconem,
1131 2006 1181 2068 καί
1198 2003 1355 2090 Σουρβινόν
1374 2003 1518 2080 Vaticaru

223 2105 349 2172 Ἀττικοῦ
365 2107 573 2193 Σουβουρανοῦ
588 2107 715 2188 scripsit
728 2105 834 2188 Zalin)
850 2109 897 2171 καὶ
913 2105 1110 2192 Mamiliam
1126 2127 1203 2170 nam
1217 2111 1253 2170 ut
1268 2108 1393 2171 minino
1410 2110 1521 2171 auctor

221 2215 355 2292 praeter
370 2209 510 2273 carisules
526 2230 556 2273 a.
568 2214 629 2273 104
645 2209 732 2292 (Sea.
744 2209 883 2294 Attium)
900 2208 1107 2274 Suburanam
1123 2213 1152 2272 et
1167 2209 1231 2292 (M.
1246 2208 1408 2291 Asinium)
1425 2209 1519 2273 Mar-

223 2312 334 2376 cellum
356 2313 452 2376 etiam
474 2311 661 2394 locationem
681 2311 786 2376 Attici
813 2332 987 2376 memorare
1016 2312 1165 2387 uoluerit,
1196 2311 1279 2376 lianc
1309 2333 1347 2376 ea
1368 2311 1518 2388 Eusebio,

223 2417 314 2480 cicius
335 2414 505 2479 historiam
528 2436 596 2478 etun
612 2414 768 2496 expilasse
784 2417 907 2478 canstat
922 2415 976 2496 (cf.
993 2413 1099 2480 adnot.
1117 2413 1238 2478 Zabnii
1252 2413 1296 2478 ad
1310 2413 1329 2480 l.
1347 2413 1390 2495 l),
1415 2415 1519 2479 aliena

224 2518 293 2582 loca
320 2539 389 2582 eum
418 2517 584 2582 intrusisse
607 2515 821 2599 probabiliter
844 2518 975 2580 canucit
998 2515 1102 2580 Zabn.
1146 2515 1247 2580 Falso
1269 2517 1368 2598 ipitur
1389 2517 1520 2582 Asbacli

223 2619 428 2686 dabrbucber
457 2619 511 2684 des
542 2619 668 2684 Vereins
702 2618 757 2683 der
785 2618 1117 2699 Altertbumsfreundc
1145 2618 1181 2681 iu
1210 2616 1269 2682 deu
1296 2617 1520 2684 Rbeiulandeu

221 2722 367 2788 LXXII
384 2721 496 2804 (1882)
520 2745 555 2806 p.
578 2726 618 2787 39
648 2721 714 2786 laco
738 2743 803 2804 pro
829 2722 966 2786 arbitria
994 2725 1115 2786 mutata
1144 2721 1194 2784 uti
1213 2719 1334 2784 studuit
1356 2721 1400 2785 ad
1421 2742 1520 2787 annos

224 2825 405 2890 cmisulatus
438 2830 467 2890 et
500 2825 667 2907 lepatiauis
697 2825 878 2888 neutralitas
909 2822 1147 2888 constituendas.
1179 2859 1219 2868 —
1250 2822 1359 2904 Neque
1381 2823 1521 2906 probari

220 2933 328 3012 potest
357 2927 512 2992 sententia
541 2926 780 3009 Diltenberperi
805 2925 939 2990 Hermes
960 2925 1061 2990 XIII
1078 2927 1185 3008 (1878)
1209 2945 1245 3006 p.
1268 2929 1312 2988 77
1339 2926 1521 2990 corcicieutis

222 3030 259 3094 iu
281 3035 302 3094 t.
325 3035 375 3105 10,
406 3049 465 3110 qua
487 3028 624 3094 banarat
646 3029 758 3092 civitas
778 3026 983 3110 Gytbeauum
1004 3027 1148 3090 Atticum
1168 3025 1317 3113 κηδεμόνα
1339 3031 1392 3092 τοῦ
1414 3027 1521 3099 ἔθνους

223 3132 304 3216 (scil.
333 3130 679 3216 Eleutherolacanum),
710 3131 891 3214 sipuificari
918 3130 968 3194 bis
997 3130 1100 3193 cierbis
1125 3127 1346 3211 proconsulem
1374 3127 1521 3195 Achaiae

222 3235 271 3300 uel
292 3234 429 3317 lepatum
451 3233 495 3298 ad
513 3233 731 3316 corripendum
745 3238 881 3312 slatum‚·
902 3255 999 3315 neque
1015 3233 1097 3296 cuim
1112 3232 1216 3296 amitti
1229 3231 1338 3313 patuit
1352 3231 1520 3302 ἀνθύπατος

222 3341 253 3402 et
273 3338 488 3418 requireretur
512 3336 636 3400 murrina
656 3356 721 3418 pra
744 3335 850 3407 ἔθνους
871 3356 943 3400 voce
965 3336 1122 3420 ἐταρχεία.

290 3438 437 3504 Vibullia
452 3437 547 3504 Aleia
563 3461 646 3502 uxor
662 3443 683 3501 t.
696 3443 724 3503 1.
741 3443 769 3502 7.
785 3443 833 3516 15,
850 3436 959 3502 liberi:
978 3437 1027 3504 Ti.
1045 3437 1202 3502 Claudius
1216 3435 1345 3500 Atticus
1360 3436 1516 3520 Herodes,

222 3541 272 3609 Ti.
295 3541 452 3608 Claudius
471 3542 601 3606 Atticus
620 3539 836 3606 Herodianus.
886 3539 1023 3605 Claudio
1042 3539 1201 3604 Athenais
1223 3559 1315 3604 sarar
1339 3543 1376 3602 ut
1395 3539 1519 3604 uidetur

221 3666 248 3708 υ.
271 3646 363 3726 iufra
383 3646 441 3710 sub
463 3643 613 3710 Claudia.
657 3643 763 3708 Homo
783 3665 927 3707 summae
952 3641 1164 3725 liberalitatis,
1190 3663 1255 3727 quo
1279 3642 1455 3727 praecipue
1482 3643 1516 3706 in

221 3748 309 3812 cives
340 3747 553 3812 Athenienses
587 3769 665 3811 usus
699 3755 749 3811 oet
781 3745 936 3811 Pbilostr.
965 3744 984 3809 l.
1012 3745 1031 3810 l.
1058 3745 1181 3828 §it-5.
1209 3780 1253 3792 —
1286 3743 1517 3828 Scopelienum

222 3849 400 3936 sophistem
423 3849 561 3934 hospitio
582 3850 711 3936 excepit
732 3848 776 3912 id.
798 3853 828 3925 1,
851 3853 903 3924 21,
928 3853 976 3914 13.

157 3956 220 4020 655
243 3963 290 4018 TI.
315 3962 500 4017 OLAVDIVS
523 3961 680 4016 ATTICVS
703 3961 889 4028 HERODES,
914 3949 1026 4015 consul
1048 3971 1133 4014 anno
1150 3950 1222 4014 143.
1255 3947 1306 4014 De
1325 3947 1426 4014 titulis
1449 3951 1516 4014 eius

222 4059 252 4120 et
273 4057 383 4138 patris
412 4056 605 4138 capnorninis
630 4053 859 4137 distinpuendis
886 4058 914 4118 et
944 4053 980 4118 de
1010 4053 1125 4134 titulis,
1158 4054 1214 4134 qui
1240 4051 1284 4116 ad
1311 4056 1419 4116 utrum
1441 4075 1517 4136 per-

223 4159 346 4224 tineant
373 4157 500 4223 dubium
525 4161 579 4233 est,
608 4158 644 4221 in
669 4158 849 4220 uniomsmu
871 4155 1061 4237 conserenda
1082 4158 1155 4219 suut
1177 4176 1256 4236 quac
1281 4173 1381 4236 supra
1402 4176 1434 4220 n.
1456 4161 1516 4222 654

221 4261 361 4342 exposui.
403 4259 526 4324 Titulos
547 4264 652 4323 autem
673 4259 859 4342 olympicos,
888 4261 943 4340 qui
964 4257 1008 4323 ad
1028 4257 1188 4322 Herodem
1209 4257 1428 4338 familiamque
1449 4259 1516 4322 cius

220 4367 371 4445 spectant,
403 4361 503 4427 edidit
531 4367 559 4426 et
591 4361 765 4426 illustravit
786 4359 1019 4443 Dittenberper,
1047 4359 1097 4425 De
1119 4358 1260 4423 Herodis
1281 4358 1386 4423 Attici
1406 4379 1514 4423 manu-

221 4467 333 4531 mcntis
354 4465 536 4548 Olyrnpicis,
560 4465 663 4529 Index
684 4463 862 4528 scholarum
878 4462 1030 4528 Halensis
1053 4485 1082 4527 a.
1105 4465 1199 4538 1892,
1222 4461 1305 4525 unck
1325 4480 1402 4542 quos
1423 4459 1515 4542 infra

222 4570 395 4645 attuli,mus
418 4566 453 4632 D
473 4566 581 4632 littera
602 4572 631 4632 et
646 4587 844 4649 papinarum
862 4566 1001 4630 numeris
1020 4565 1191 4648 adscriptis
1213 4563 1471 4646 sipnificacimus.

286 4669 324 4752 I)
346 4671 421 4753 Ipse
437 4670 593 4753 posuita
572 4669 605 4744 a)
627 4668 768 4733 Atticas:
793 4666 871 4733 OIA
893 4668 961 4732 III
977 4672 1017 4732 69
1040 4667 1094 4750 (1),
1117 4689 1178 4749 quo
1199 4665 1348 4748 templum
1369 4663 1515 4728 Athenae

223 4769 394 4850 dedicauit;
417 4772 562 4837 111403
585 4770 642 4852 (2),
664 4792 725 4853 quo
748 4775 979 4835 monumentum
1000 4771 1104 4834 nescia
1126 4768 1226 4850 quod3
1249 4769 1370 4833 Διλτίον
1394 4769 1513 4852 ἀρχαιο·

223 4875 337 4989 λογικόν
351 4878 436 4940 1888
445 4897 481 4957 p.
494 4879 555 4939 180
570 4873 624 4956 (3),
641 4895 699 4955 qua
715 4877 748 4938 τὸ
764 4873 960 4958 ἀγορανόμων
970 4896 978 4953 3
990 4873 1099 4956 posuit
1111 4871 1240 4936 Anniae
1253 4869 1400 4952 Repillae
1419 4869 1515 4933 uaori

221 4978 308 5043 aicae
331 4983 352 5043 l.
375 4976 565 5042 Eleusinum
585 4973 754 5062 Ἐφημερὶς,
771 4978 983 5061 ἀρχαιολογική
1007 4974 1073 5039 III
1089 4973 1196 5058 (1885)
1213 4995 1249 5056 p.
1264 4977 1330 5039 152
1349 4993 1380 5039 u.
1396 4974 1441 5038 28
1455 4971 1510 5056 (4),

211 5086 421 5142 nouom-pio
432 5085 495 5140 Imp.
510 5085 579 5128 nom.
607 5083 628 5128 1.
1272 5073 1307 5130 23
