3732 5630
179 334 325 391 BALBVS
811 326 815 335 ¹
1325 335 1536 394 BALSAMIVS

180 568 224 578 -
246 542 279 610 Q.
302 541 428 597 minvs
452 542 607 601 sunaus,

128 647 130 652 ’
178 671 224 680 -
246 642 373 698 IVNIVS
395 644 550 704 BALBVS.

179 774 224 783 -
247 733 284 800 O.
307 736 420 801 Iunius
442 737 577 804 Balbus.

178 875 224 886 -
245 847 282 902 o.
302 847 463 906 maurus
486 850 641 926 smnus.

179 975 225 986 --
248 939 288 1021 Q.
310 940 435 1007 Marius
454 942 591 1008 Balbus.

179 1079 225 1089 -
247 1052 280 1108 L.
303 1053 463 1110 MINDIVS
485 1055 641 1112 BALBVS.

180 1183 225 1193 —
247 1155 387 1212 NONIVS
408 1158 562 1214 BALBVS.

179 1285 224 1294 —
246 1257 287 1316 M.
309 1257 448 1315 NONIVS
471 1259 626 1316 BALBVS.

179 1387 225 1397 -
247 1360 281 1418 L.
303 1359 505 1418 NORBANVS
527 1361 673 1418 BALBVS
696 1352 925 1436 (FLAccvsl).

180 1489 225 1498 -
247 1461 279 1520 O.
301 1463 456 1520 PAOOIVS
479 1465 634 1522 BALBVS.

180 1591 226 1601 -
248 1564 280 1632 Q.
303 1565 490 1624 POMPEIVS
513 1567 669 1626 BALBVS.

184 1695 224 1704 —
247 1666 281 1722 L.
304 1667 498 1724 POPILLIVS
521 1669 676 1729 BALBVS.

180 1795 226 1806 -
248 1758 375 1825 Tullius
397 1761 531 1828 Balbus.

181 1899 226 1909 -
249 1861 287 1928 O.
310 1862 461 1930 Valerius
483 1863 621 1930 Flaccus
644 1865 776 1931 Selinus
798 1865 931 1933 Balbus.

181 1983 225 2048 36
246 1981 398 2066 Ballista,
430 1982 613 2069 praefectus
642 1983 833 2070 (praetorio)
862 1983 1065 2070 imperatoris
1087 1983 1272 2067 Valeriani,
1303 2006 1367 2070 quo
1396 1991 1489 2069 capto
1520 2005 1541 2048 a

248 2086 356 2150 Persis
386 2107 415 2152 a.
437 2088 497 2153 261
531 2087 590 2170 (M.
613 2086 744 2169 Fulvio)
767 2086 935 2152 Macriano
964 2097 1080 2153 auctor
1108 2087 1185 2171 fuit,
1215 2096 1251 2152 ut
1273 2087 1443 2174 imperium
1465 2107 1537 2150 eum

248 2186 323 2252 filiis
346 2199 489 2253 sumeret
509 2191 563 2255 vir.
586 2189 731 2255 Gallimi
744 2195 773 2267 1,
798 2190 870 2272 trip.
891 2195 948 2273 tyr.
964 2195 1017 2267 12,
1040 2189 1189 2255 Zonaras
1206 2195 1259 2268 12,
1275 2194 1318 2256 24
1325 2210 1335 2270 ,·
1358 2189 1540 2275 praefectus

248 2289 407 2355 Macriani
430 2291 502 2376 trip.
526 2296 586 2376 tyr.
609 2297 662 2358 12.
707 2292 796 2356 Dum
819 2291 1007 2357 Macrianus
1029 2313 1103 2356 cum
1127 2292 1178 2373 (Τ.
1201 2290 1318 2357 Fulvio
1340 2292 1448 2373 Iunio)
1471 2292 1539 2357 Ma·

246 2394 356 2458 criano
379 2390 444 2459 filio
466 2396 588 2459 maiore
610 2398 644 2460 in
663 2393 832 2481 Illyricum
854 2395 1016 2480 profectus
1034 2417 1053 2458 a
1069 2393 1210 2461 Gallieni
1230 2393 1365 2459 ducibus
1388 2397 1538 2478 vincitur,

248 2495 384 2561 Ballista
405 2519 478 2562 eum
493 2497 546 2580 (Τ.
562 2494 680 2563 Fulvio
699 2498 808 2581 Iunio)
827 2497 945 2578 Quieto
967 2497 1032 2562 filio
1055 2497 1214 2563 Macriani
1237 2499 1361 2563 minore
1383 2499 1541 2563 orientem

248 2599 316 2664 fere
338 2610 439 2666 totum
462 2601 495 2667 in
517 2601 677 2666 dicionem
700 2601 841 2685 redegit,
865 2600 923 2666 sed
942 2600 1034 2666 clade
1049 2600 1288 2667 Macrianorum
1304 2601 1541 2666 nuntiatarum

248 2700 379 2787 plurimi
395 2726 414 2768 a
430 2704 542 2784 Quieti
555 2704 702 2792 partibus
718 2705 901 2787 deficerent,
924 2703 1136 2769 Odaenathus
1152 2704 1307 2784 Quietum
1326 2713 1359 2769 et
1374 2702 1540 2768 Ballistam

247 2805 281 2868 in
311 2803 394 2869 urbe
425 2805 566 2872 Hemesa
595 2807 726 2872 inclusit
754 2807 982 2893 interfecitque
1010 2806 1160 2873 Zonaras
1182 2805 1203 2871 l.
1226 2805 1246 2872 l.
1269 2807 1309 2888 cs.
1335 2803 1402 2872 Dio
1424 2806 1540 2873 contin.

251 2904 284 2970 V
291 2927 328 2988 p.
343 2912 410 2974 225
435 2909 481 2975 ed.
504 2908 658 2994 Diadorf.

310 3007 435 3074 Eadem
463 3012 531 3094 fere
558 3017 675 3078 narrat
708 3012 881 3078 Trebellius
910 3011 1016 3077 Pollio
1040 3011 1094 3079 vit.
1126 3009 1271 3076 Gallieni
1294 3013 1327 3089 3,
1364 3011 1430 3075 nisi
1459 3009 1543 3093 qnod

248 3109 416 3177 Ballistam
430 3112 548 3180 multos
564 3115 762 3180 Hemesenos
778 3137 851 3180 cum
867 3114 986 3196 Quieto
1002 3112 1200 3180 interfecisse
1220 3113 1341 3178 scribit.
1383 3113 1451 3194 Quo
1475 3113 1542 3179 loco

248 3234 319 3278 earn
341 3213 378 3280 de
401 3214 561 3283 Ballistae
583 3219 669 3282 auita
692 3222 805 3295 taceat,
822 3221 938 3300 postea
959 3217 1031 3301 trip.
1055 3220 1114 3300 tyr.
1135 3219 1182 3293 14,
1204 3220 1224 3281 1
1246 3219 1277 3280 et
1296 3215 1363 3298 ipse
1386 3215 1540 3296 Quietum

249 3337 323 3382 cum
346 3317 482 3385 Ballista
502 3318 543 3386 ab
566 3320 758 3387 Odaenatho
781 3321 969 3386 interfectos
992 3341 1061 3384 esee
1084 3319 1219 3402 eaponit.
1264 3317 1330 3384 Sed
1347 3317 1542 3401 paulopost

249 3419 321 3503 trip.
337 3424 397 3503 tyr.
413 3427 461 3501 15,
477 3429 497 3488 4
512 3427 542 3489 et
555 3427 606 3502 18,
621 3428 642 3488 3
663 3423 819 3511 plurimos
840 3423 905 3488 sive
926 3420 1044 3488 multos
1066 3421 1217 3486 adserere
1238 3419 1407 3485 Ballistam
1422 3420 1541 3502 Quieto

250 3521 417 3587 interfecto
448 3524 553 3609 ipsum
581 3547 758 3612 purpuram
788 3527 963 3611 sumpsisse
988 3524 1124 3607 feliciter
1145 3524 1271 3588 invenit.
1321 3523 1409 3604 Quae
1436 3544 1542 3588 mnae

249 3645 352 3707 napae
382 3631 457 3692 sunt
490 3631 629 3696 auctoris
660 3629 748 3695 nullo
776 3650 840 3695 non
869 3631 922 3694 usi
952 3628 1114 3693 mendacio
1145 3627 1190 3691 ad
1215 3645 1379 3692 nnmerum
1409 3613 1544 3708 triptota

250 3749 339 3810 erran
360 3731 424 3794 sibi
437 3738 651 3814 proposuerat
669 3738 876 3816 tyrannorum
894 3730 1089 3814 explendum.
1124 3728 1278 3795 Nummos
1290 3728 1344 3810 qui
1358 3729 1544 3811 ferebantur

250 3831 399 3914 inseripti
421 3833 513 3900 Serv.
532 3835 668 3901 Anicius
690 3835 836 3919 Ballista,
859 3835 928 3899 iare
950 3831 1066 3898 abiecit
1086 3830 1207 3897 Eellrel
1230 3830 1301 3896 VII
1310 3851 1346 3913 p.
1363 3835 1431 3899 461.

316 3933 407 3999 Idem
432 3937 557 4003 videtur
582 3937 753 4022 Callistus,
787 3938 856 4003 dux
887 3939 1124 4017 Romanorum,
1158 3935 1214 4019 qui
1244 3931 1418 3998 Valeriano
1449 3944 1543 4019 capto

250 4037 367 4102 Persas
390 4045 470 4108 vicit
493 4054 525 4108 et
546 4041 688 4130 reppulit
704 4042 852 4107 Zonaras
866 4046 919 4119 12,
936 4045 982 4106 23
996 4061 1033 4124 p.
1047 4043 1116 4104 141.
1136 4041 1200 4103 142
1222 4035 1268 4102 ed.
1283 4035 1437 4118 madert
1461 4037 1543 4120 Syn·

251 4147 347 4214 cellas
362 4169 399 4230 p.
417 4151 477 4212 716
498 4167 537 4212 ea
559 4144 663 4211 eodan
683 4149 820 4210 auctore.

188 4266 228 4331 87
252 4265 477 4350 Ballomarius,
500 4266 784 4331 Marcomanorum
804 4285 863 4330 rex
879 4263 940 4329 sub
959 4284 989 4329 a.
1006 4263 1064 4328 161
1084 4261 1200 4328 Petrus
1214 4257 1378 4325 Patricius
1392 4258 1508 4342 frapm.
1524 4261 1545 4322 6

252 4371 282 4454 (e
300 4370 414 4437 (laesio
434 4369 552 4455 Dione)
575 4367 687 4434 FHG.
703 4368 763 4433 IV
772 4389 809 4452 p.
824 4370 895 4432 186.

188 4489 229 4555 38
252 4499 284 4554 Ρ.
314 4498 527 4555 BALSAMIVS
561 4497 801 4570 SABINmnvs,
837 4484 1033 4552 clarissimus
1067 4481 1257 4564 iuvenis(?),
1292 4478 1442 4546 tribunus
1474 4477 1544 4544 lati-

253 4592 386 4678 clarius,
409 4589 495 4657 filius
516 4589 644 4656 Aurelii
664 4589 834 4657 Sabiniani
853 4589 920 4654 ΙΙΙ
936 4591 1018 4654 1985
1040 4607 1121 4652 corr.
1136 4585 1202 4651 III
1217 4583 1252 4651 S.
1275 4587 1355 4649 8571
1377 4586 1399 4647 l.
1415 4581 1545 4648 Saloni-

252 4701 355 4762 laans.
397 4693 557 4761 Traditur
578 4703 610 4758 6.
633 4703 664 4760 Ρ.
687 4693 735 4758 vel
756 4701 804 4757 VO
826 4691 875 4757 ael
897 4700 935 4774 ῦς
958 4699 990 4756 0.
1013 4699 1044 4758 P.
1066 4689 1198 4754 retinuit
1220 4687 1398 4752 Mornnrsen
1412 4684 1543 4768 Eplrarn.

253 4819 301 4882 ep.
314 4804 344 4876 4,
360 4801 433 4876 255,
460 4797 496 4862 id
516 4795 601 4881 qnod
621 4797 657 4862 in
679 4797 806 4862 tribuno
829 4794 991 4860 laticlavia
1013 4792 1095 4875 [ari
1115 4811 1179 4856 aon
1194 4794 1316 4874 potest;
1332 4787 1546 4874 praetulerim

254 4922 327 4984 erpo
349 4910 381 4969 0.
404 4912 428 4965 1.

1286 4991 1340 5047 15·
