3732 5622
174 387 334 446 CLODIVS
822 381 885 445 423
1371 383 1532 444 CLODIVS

241 585 403 650 Maximus
424 585 582 652 Avidium
602 585 705 650 Marci
728 586 927 672 temporibus
943 587 1156 671 (tyrannum),
1173 584 1329 651 Albinum
1346 595 1377 650 et
1393 585 1529 667 Nigrum

242 687 355 752 Severi
377 710 443 752 non
465 689 532 753 suis
554 689 694 775 propriis
715 686 816 770 libris,
841 687 898 752 sed
916 687 1030 753 alienis
1045 689 1195 752 innexuit
1208 687 1263 751 aa
1278 685 1397 764 Fami,
1415 686 1530 752 Sutur-

240 791 493 866 ninieta.1,1.

173 891 239 957 938
263 902 293 957 Ρ.
317 901 476 957 CLODIVS
499 903 675 958 THRASEA
698 903 859 972 PAETVS,
881 892 994 958 consul
1017 893 1171 958 suffectus
1195 914 1279 957 anno
1302 893 1343 958 56
1366 887 1532 956 mensibus

240 995 419 1060 Novembri
443 1008 475 1061 et
490 997 665 1062 Decembri
682 1019 754 1062 cum
772 998 811 1064 L.
827 997 938 1061 Durio
953 995 1063 1063 Avito.
1094 996 1137 1062 In
1152 995 1332 1060 consulatu:
1348 994 1385 1060 P.
1397 992 1531 1058 Clodius

242 1097 388 1162 Thrasea
410 1099 522 1163 tabula
544 1104 653 1163 cerula
673 1098 874 1182 Ponpoca'unu
894 1103 943 1181 15,
968 1099 1004 1166 P.
1022 1098 1155 1164 Clodius
1177 1098 1241 1162 tat.
1264 1101 1313 1161 13.
1336 1101 1385 1161 14.
1408 1101 1457 1161 16.
1480 1101 1529 1172 17,

240 1201 277 1265 X
296 1204 369 1266 826.
388 1240 426 1249 -
449 1201 551 1284 Apud
574 1203 760 1285 scriptores:
783 1202 819 1266 P.
842 1201 987 1266 Thrasea
1009 1203 1129 1267 Paetus
1150 1199 1216 1266 Dio
1239 1205 1287 1276 61,
1310 1203 1366 1276 15,
1397 1202 1531 1264 catonum

241 1303 386 1368 Thrasea
409 1303 528 1368 Paetus
550 1305 614 1368 uve
635 1304 781 1369 Thrasea
801 1306 865 1368 sive
884 1305 1013 1370 Paetus.

306 1407 442 1490 Origine
465 1408 644 1472 Patavinus
664 1407 738 1472 Tur.
755 1429 785 1473 a.
801 1412 851 1484 16,
866 1412 919 1485 21,
943 1406 1009 1472 Dio
1026 1411 1079 1484 62,
1094 1412 1148 1472 26.
1182 1403 1304 1472 Consul
1327 1427 1356 1469 a.
1378 1404 1420 1469 56
1441 1401 1530 1483 susti,

243 1509 422 1574 consularis
449 1509 521 1576 Tac.
546 1531 576 1574 a.
600 1515 649 1586 16,
672 1514 735 1588 28,·
757 1510 995 1596 quindecimvir
1021 1511 1120 1574 sacris
1146 1507 1306 1573 faciundis
1327 1506 1391 1572 iou.
1413 1509 1462 1582 16,
1484 1507 1532 1569 22

243 1613 285 1695 cf.
307 1617 361 1679 27.
385 1615 439 1678 28.
482 1613 577 1676 Anno
600 1614 640 1678 57
669 1612 899 1679 Cossutianum
929 1612 1119 1698 Capitonem
1150 1634 1191 1676 ex
1221 1611 1335 1677 Cilicia
1363 1607 1533 1694 provincia

242 1713 497 1800 repetundarum
520 1714 717 1800 postulatum
738 1714 907 1780 damnavit
928 1715 992 1780 iou.
1015 1719 1064 1792 16,
1087 1719 1132 1781 21
1154 1716 1193 1797 cf.
1216 1719 1265 1794 13,
1281 1719 1331 1778 33.
1368 1713 1466 1779 Anno
1489 1712 1530 1777 58

244 1818 278 1880 in
299 1827 414 1882 senatu
436 1819 627 1882 sententiam
650 1817 735 1882 dixit
755 1818 818 1882 aba.
842 1823 891 1894 13,
914 1823 963 1882 49.
1008 1817 1103 1882 Anno
1127 1817 1168 1883 59
1191 1839 1265 1882 cum
1287 1815 1327 1881 de
1349 1814 1532 1902 Agrippina

243 1919 427 2000 referretur,
444 1929 559 1984 senatu
574 1940 722 2002 egressus
737 1931 786 1984 est
801 1920 997 1997 1’56.14,12;
1012 1925 1061 1998 16,
1072 1925 1125 1986 21.
1149 1920 1300 1985 Α1111062
1315 1941 1356 1983 ne
1369 1917 1531 1984 Antistius

246 2031 375 2107 praetor
390 2045 410 2086 a
428 2031 542 2086 senatu
563 2023 740 2087 maiestatis
760 2025 866 2107 eapite
889 2023 1105 2104 damnaretur,
1128 2021 1251 2088 obstitit
1273 2020 1337 2086 ibd.
1353 2027 1401 2098 14,
1417 2024 1527 2086 48-49

243 2124 340 2190 Anno
363 2127 405 2190 62
429 2123 518 2206 tulit,
547 2146 588 2188 ne
610 2125 812 2210 praesidibus
834 2127 1074 2210 provinciarum
1095 2126 1200 2209 gratia
1221 2135 1373 2209 ageretur
1394 2122 1458 2190 aad.
1481 2126 1530 2198 15,

243 2231 370 2293 29-22.
404 2225 499 2291 Aliae
516 2229 693 2293 sententiae
708 2227 750 2292 ab
766 2249 803 2292 eo
819 2230 854 2292 in
869 2239 982 2293 senatu
998 2228 1104 2293 dictae
1119 2228 1183 2295 ibd.
1195 2233 1244 2305 16,
1256 2233 1308 2293 21.
1319 2230 1376 2303 22,
1392 2226 1423 2293 lt.
1434 2232 1467 2303 2,
1480 2229 1530 2300 91,

244 2329 311 2396 Dio
337 2333 464 2406 61,15.
508 2329 590 2394 Cum
621 2340 752 2394 sanatus
782 2333 930 2396 annosa
956 2330 1090 2396 Antium
1121 2330 1181 2396 sub
1210 2340 1371 2396 recentem
1401 2339 1532 2415 partum

245 2431 403 2498 Claudiae
425 2431 662 2516 effunderetur,
686 2433 832 2498 Thrasea
854 2457 874 2498 a
896 2433 1024 2498 Nerone
1048 2433 1228 2520 prohibitus
1251 2444 1300 2497 est
1320 2431 1384 2498 iod.
1407 2437 1457 2508 15,
1478 2434 1531 2496 23.

245 2535 326 2600 Inde
349 2535 391 2600 ab
412 2557 497 2600 anno
521 2536 562 2600 63
585 2557 643 2620 per
666 2536 839 2601 triennium
862 2535 1019 2601 abstinuit
1040 2547 1154 2601 senatu
1174 2535 1203 2600 T
1200 2557 1247 2600 uc.
1268 2557 1297 2600 a.
1317 2541 1365 2611 16,
1388 2539 1445 2610 22,
1466 2531 1533 2597 Dio

245 2643 298 2714 62,
321 2643 374 2704 26.
418 2638 599 2719 Instigante
621 2637 765 2720 Nerone,
789 2641 846 2723 qui
868 2637 944 2702 olim
967 2640 996 2704 ei
1019 2639 1164 2703 infensus
1187 2649 1272 2715 erat,
1299 2661 1319 2702 a
1342 2637 1533 2703 Cossutiano

246 2740 405 2826 Capitone
435 2750 467 2804 et
496 2741 595 2826 Eprio
622 2739 775 2804 Marcello
803 2763 888 2805 anno
918 2744 959 2807 66
990 2742 1102 2806 eodem
1132 2753 1274 2827 tempore
1304 2751 1402 2826 atque
1430 2739 1535 2803 Barea

247 2844 390 2909 Soranus
407 2843 583 2907 maiestatis
598 2853 769 2907 aecusatus
784 2854 849 2926 est3
872 2844 1043 2909 damnatus
1062 2847 1173 2909 mortis
1189 2843 1323 2909 arbitrio
1339 2842 1414 2907 dato
1433 2863 1534 2904 venas

247 2945 385 3010 exsolvit
410 2945 483 3011 Tae.
507 2967 536 3010 a.
560 2950 609 3022 16,
631 2950 756 3022 21-35,
786 2944 816 3009 h.
839 2951 868 3022 4,
891 2950 929 3024 8,
959 2945 1026 3012 Dio
1051 2952 1103 3023 62,
1126 2951 1185 3023 26,
1215 2945 1341 3012 Sueten.
1374 2944 1461 3010 Nero
1482 2948 1532 3020 37,

243 3048 339 3117 schol.
360 3047 505 3114 Iuvaaal.
526 3053 555 3124 5,
578 3053 628 3115 36.

310 3151 421 3217 Gener
450 3149 610 3216 Caecinae
639 3150 730 3215 Paeti
762 3160 793 3216 et
823 3151 939 3215 Arriae
967 3153 1098 3216 maioris
1129 3150 1218 3216 Ptin.
1246 3153 1386 3233 epate,
1410 3153 1458 3225 16,
1483 3153 1533 3224 16,

246 3253 381 3318 maritus
403 3253 520 3318 Arriae
542 3254 675 3316 minoris
698 3263 730 3317 et
752 3265 845 3337 pater
866 3254 1011 3319 Fanniae
1032 3254 1096 3319 ihd.
1113 3260 1142 3330 7,
1160 3259 1210 3332 19,
1226 3259 1255 3331 3,
1283 3253 1356 3319 Tac.
1374 3273 1404 3316 a.
1419 3256 1469 3328 16,
1484 3255 1534 3326 34,

247 3379 339 3421 socer
361 3355 505 3420 Helvidii
529 3356 631 3420 Prisci
647 3355 737 3421 Pla.
757 3356 832 3432 iad,
859 3356 932 3421 Tac.
950 3379 979 3422 a.
995 3363 1043 3434 16,
1060 3362 1113 3423 28.
1130 3361 1180 3434 35,
1202 3357 1233 3421 h.
1247 3362 1277 3432 4,
1291 3359 1322 3421 5.
1338 3360 1367 3420 6.
1405 3354 1535 3418 Persius

246 3468 342 3544 poeta
369 3457 481 3522 decem
509 3457 577 3524 fere
603 3461 697 3523 annis
718 3481 842 3524 summe
865 3459 1002 3525 dilectus
1025 3472 1074 3525 est
1095 3484 1115 3525 a
1136 3461 1289 3542 Thrasea,
1321 3460 1366 3522 ita
1388 3467 1424 3522 ut
1446 3477 1537 3542 pere·

246 3563 432 3645 grinaretur
453 3583 583 3648 quoque
606 3583 679 3626 eum
702 3585 738 3626 eo
762 3561 947 3648 aliquando,
966 3574 1137 3647 cognatam
1157 3565 1226 3628 eius
1247 3562 1378 3628 Arriam
1401 3580 1536 3624 uxorem

249 3662 388 3729 habente
398 3665 453 3732 vil.
467 3663 575 3730 Persii
578 3687 615 3748 p.
626 3669 664 3729 74
675 3664 801 3731 Sicetoa.
812 3665 868 3729 rel.
881 3665 928 3730 ed.
940 3665 1179 3745 Reifferscheid.
1201 3665 1334 3731 Amicus
1343 3665 1536 3749 Vespasiani

252 3766 327 3832 Tac.
340 3766 371 3834 b.
386 3771 416 3842 4,
433 3771 467 3844 7,·
489 3765 630 3831 Avidius
654 3767 792 3848 Quietus
814 3767 983 3832 familiaris
1006 3769 1075 3833 eius
1091 3768 1179 3834 Pla.
1197 3771 1284 3852 epist.
1299 3773 1328 3846 6,
1346 3773 1400 3845 29,
1416 3774 1444 3832 1.

313 3869 412 3934 Dicta
433 3872 503 3934 eius
524 3868 614 3935 Pla.
637 3871 727 3953 epist.
750 3874 778 3946 6,
801 3876 855 3947 29,
879 3877 907 3938 1.
928 3876 963 3948 7,·
985 3875 1015 3948 6,
1030 3874 1086 3948 22,
1102 3876 1132 3948 3,
1153 3870 1219 3936 Dio
1241 3877 1291 3948 61,
1309 3875 1358 3938 15.
1403 3870 1541 3956 Scripsit

253 3971 294 4037 de
316 3975 385 4038 vita
407 3970 542 4039 Catonis
562 3972 724 4037 Vticensis
746 3972 911 4039 Plutarch.
929 3972 1007 4040 Calo
1024 3975 1099 4041 min.
1115 3979 1168 4040 25.
1183 3979 1233 4039 36.
1265 3974 1434 4039 Laudatus
1457 3971 1540 4036 libro

253 4074 337 4140 edito
351 4075 394 4140 ab
410 4073 554 4141 Aruleno
570 4077 704 4140 Rustico
724 4075 798 4141 Tac.
813 4076 969 4159 Apricolu
981 4083 1014 4154 2,
1030 4076 1156 4143 sueton.
1171 4076 1350 4142 Donzitiaa.
1366 4083 1416 4142 10.
1447 4076 1540 4141 Pom-

255 4181 370 4263 ponius
386 4177 555 4244 Secundus
578 4177 619 4243 ad
635 4179 813 4244 Thraseam
836 4181 955 4244 citatur
977 4180 1031 4260 (de
1047 4181 1144 4245 rebus
1160 4181 1391 4263 grammaticis)
1415 4201 1436 4244 a
1456 4177 1541 4244 Ota

253 4281 332 4344 risio
345 4280 559 4346 Grannnatici
572 4281 685 4346 Latini
699 4280 724 4345 I
728 4302 763 4363 p.
775 4285 847 4364 125,
864 4287 915 4364 23,
933 4280 1086 4347 15001060
1100 4283 1164 4349 aa
1172 4304 1209 4365 p.
1221 4287 1291 4359 371,
1308 4286 1359 4360 18,
1373 4282 1543 4346 Pra'sot'uno

252 4381 299 4448 ΙΙ
308 4403 346 4466 p.
360 4387 432 4461 538,
446 4387 501 4450 29.

320 4485 522 4552 Memorutur
551 4486 753 4564 54016061,
779 4491 809 4564 8,
833 4493 870 4565 1,·
890 4493 920 4564 4,
940 4491 990 4565 54,
1012 4493 1040 4572 7,
1071 4489 1213 4555 Juvenal.
1235 4492 1264 4567 5,
1286 4494 1340 4566 36,
1372 4488 1480 4553 Marc.
1504 4487 1546 4556 εἰς

256 4587 360 4655 ἑαυτόν
382 4595 411 4666 1,
434 4593 483 4666 14,
507 4587 574 4654 Dio
593 4593 641 4672 66,
665 4595 717 4657 12.

190 4689 255 4755 939
276 4691 410 4758 Clodius
438 4692 600 4758 Turrinus
631 4703 739 4777 pater,
770 4691 879 4758 rhetor
906 4704 1011 4759 aetate
1040 4695 1200 4779 Augusti3
1232 4707 1326 4761 natus
1357 4705 1426 4760 erat
1456 4703 1546 4778 patre

259 4793 535 4882 splendidissimo,
570 4815 632 4860 avo
662 4794 730 4858 divi
758 4793 834 4860 Iulii
864 4795 1005 4883 hospite,
1042 4799 1097 4862 sed
1133 4799 1218 4863 civili
1248 4799 1334 4865 bello
1365 4807 1547 4863 attenuatas

255 4896 370 4962 domus
392 4896 511 4962 nobilis
533 4899 620 4962 vires
643 4900 799 4964 excitavit
820 4908 854 4962 et
881 4898 1065 4985 eloquentia
1091 4903 1260 4987 pecuniam
1283 4923 1320 4965 ac
1340 4901 1541 4984 dignitatem,

256 5021 355 5085 quam
377 5001 515 5085 primam
538 5003 571 5064 iu
593 5003 762 5087 provincia
784 5002 943 5088 Hispania
965 5003 1087 5087 habuit,
1112 5026 1213 5091 usque
1236 5005 1276 5069 ad
1299 5027 1461 5070 summum
1483 5003 1546 5068 sibi
