3758 5628
758 419 768 424 -
784 419 985 424 .---.---
1029 419 1043 424 .-
1070 418 1234 424 —--.-—-
1495 415 1687 423 ———-—

341 321 525 380 CLAVDIVS
988 312 1051 377 352
1509 317 1696 374 caavmus

468 517 612 582 Dubium
633 521 689 592 ast,
716 521 824 580 utrum
855 515 899 580 ad
919 521 1049 598 patrem
1079 539 1121 582 au
1144 515 1188 581 ad
1208 515 1311 600 tilium
1333 516 1517 598 pertiueaat
1538 513 1575 578 hi
1595 514 1699 578 tituli:

405 619 478 688 Old
505 620 649 685 111485
678 619 852 685 Hadriano
876 621 1003 702 positus
1032 619 1079 684 ἐπὶ
1111 621 1216 706 ἱερέως
1241 618 1284 686 ll.
1308 617 1355 684 Κλ
1369 667 1526 694 ........
1549 617 1612 684 tac.
1635 621 1697 682 675

404 728 423 810 ἡ
447 725 540 811 βουλὴ
563 725 611 788 καὶ
633 725 648 788 ὁ
672 722 777 807 [δῆμος
798 723 848 788 τὸν
871 722 1024 805 huardum
1041 721 1187 810 Ἰ”ιβέρι[ον
1211 721 1371 804 Κλαύδιον]
1396 719 1518 788 Ἀττικὸν
1542 720 1696 808 Ἡρώ[δην

404 825 606 911 Μαραθώνιον
628 825 677 889 τὸν
700 823 892 910 [εὐεργέτην],
918 824 1077 906 Ephesius
1099 822 1180 888 (ΗΘ
1202 827 1290 890 2978
1408 821 1532 890 Ἀττικὸν
1556 820 1697 910 Ἡρώδην

405 977 539 1006 .......
574 927 698 992 Troade
726 931 870 1008 repertus
898 928 1037 992 rarertac
1067 927 1209 992 lectiouis
1232 923 1281 992 CI
1283 927 1313 992 G
1334 931 1415 992 3579
1438 977 1467 993 ..
1491 925 1535 993 li.
1560 924 1695 990 K.....

402 1057 480 1098 τικον
507 1079 595 1103 .....
626 1031 684 1094 uhi
709 1049 786 1094 aum
817 1031 942 1094 oruuiao
973 1029 1054 1094 alter
1081 1036 1153 1094 uter
1180 1035 1372 1094 memoratus
1399 1028 1458 1111 sit,
1483 1048 1619 1112 prorstrs
1647 1028 1696 1090 ia·

404 1139 520 1198 eertrau
543 1137 597 1200 ast.

467 1237 518 1304 Ti.
549 1233 705 1300 Claudius
735 1232 863 1299 Atticus
891 1234 1038 1298 Herodes
1069 1235 1187 1300 dicitur
1215 1234 1262 1300 vol
1291 1233 1457 1300 dicebatur
1485 1239 1506 1298 t.
1537 1238 1612 1310 1-8,
1644 1231 1696 1298 Ti.

405 1338 839 1406 ClaudiusAtticus9.12.
863 1343 912 1414 14,
937 1337 1093 1402 Claudius
1117 1337 1244 1402 Atticus
1267 1343 1315 1402 10.
1339 1343 1387 1402 11.
1411 1341 1459 1402 13.
1484 1341 1541 1414 15‚·
1565 1335 1698 1400 Atticus

402 1443 526 1526 pasuri
547 1442 582 1504 ia
605 1440 647 1502 iis
669 1439 771 1503 titulis
792 1440 862 1522 titii,
886 1440 944 1504 ulu'
964 1439 1015 1504 hio
1036 1445 1240 1522 uuucupatur
1255 1439 1394 1527 Ἡρώδης
1410 1438 1533 1506 Ἀττικοῦ
1554 1460 1582 1504 r.
1605 1440 1697 1520 iat'ra

404 1546 461 1609 ath
484 1543 560 1628 filio.
605 1541 705 1624 Aprrd
724 1542 893 1624 scriptores
912 1542 1051 1606 Atticus.

469 1646 572 1710 Filius
587 1645 652 1726 (Ti.
669 1642 811 1726 Claudii)
829 1643 1008 1729 Hipparchi
1021 1643 1211 1713 Philostrat.
1226 1648 1279 1712 rit.
1296 1645 1382 1729 soph.
1395 1651 1428 1720 2,
1443 1651 1470 1728 1,
1483 1649 1513 1722 3,
1523 1667 1695 1728 perperam

406 1748 570 1814 Plutarchi
595 1746 716 1812 Saitica
741 1767 766 1810 s.
789 1767 816 1810 r.
841 1744 988 1835 Ἡρώδης.
1034 1749 1238 1833 Μαραθώνιος
1267 1753 1286 1812 t
1311 1754 1340 1814 1.
1362 1751 1441 1812 2-6.
1467 1753 1494 1814 ἲ.
1518 1751 1547 1813 8.
1571 1753 1622 1814 12.
1646 1753 1695 1822 15,

404 1853 503 1915 idest
526 1873 542 1914 o
565 1850 652 1914 derue
674 1847 913 1912 Athenieusiam
938 1849 1148 1913 Marathonio
1173 1849 1335 1913 artaudus.
1374 1850 1457 1914 Cum
1478 1849 1570 1914 lionis
1594 1853 1697 1936 patris

403 1953 573 2041 publicatis
595 1974 719 2038 pauper
741 1951 845 2015 factus
866 1962 959 2034 esset,
985 1953 1174 2015 immensum
1200 1952 1385 2016 thesaurum
1409 1955 1542 2034 invonit
1567 1953 1698 2036 dequo

403 2056 443 2122 ad
461 2057 601 2121 Nervam
619 2057 846 2140 imperatorem
862 2057 1009 2140 scripsit3
1033 2054 1108 2118 iude
1124 2055 1217 2119 homo
1238 2055 1408 2140 praedives
1425 2055 1616 2120 Philostrat.
1634 2055 1657 2119 l.
1674 2055 1697 2122 l.

401 2159 557 2224 Fortasse
583 2157 634 2222 hic
663 2156 887 2238 iutetteaeudus
916 2161 961 2220 est
988 2157 1283 2229 lacunarota,
1308 2164 1326 2222 1
1352 2159 1501 2240 ‘Atticas²
1527 2158 1644 2222 eximie
1668 2159 1697 2220 si

403 2273 513 2336 cenat,
544 2261 649 2325 lautus
678 2259 832 2324 videtur'.
882 2259 1041 2340 Quomodo
1071 2259 1197 2340 querrulo
1221 2259 1320 2324 lectrum
1344 2261 1464 2324 clarmu
1490 2261 1621 2344 adeptus
1642 2261 1696 2333 sit,

401 2365 483 2428 uihil
505 2363 654 2438 traditur,
684 2359 739 2424 sed
760 2360 975 2442 probabiliter
992 2363 1126 2443 ponitur
1150 2383 1219 2425 eura
1241 2364 1281 2426 ah
1307 2364 1495 2444 imperatore
1519 2363 1626 2427 Nerra
1648 2363 1699 2426 ret

405 2467 546 2531 Traiano
561 2467 596 2528 iu
612 2461 840 2545 (citatissimum
855 2463 993 2527 ordinem
1012 2464 1166 2527 adlectum
1183 2483 1256 2528 esse.
1278 2464 1398 2528 Consul
1416 2470 1436 2529 t.
1450 2471 1490 2530 10
1506 2467 1547 2547 ef.
1565 2465 1696 2546 Sopatr.

398 2565 880 2652 protop.Aratio.111p.739
899 2565 1109 2648 ahDiudorf
1126 2564 1292 2652 (Ἡρώδης)
1316 2569 1374 2632 ἀπὸ
1399 2571 1519 2634 ὑπάτων
1541 2573 1698 2654 κατήγετο.

400 2670 550 2750 suffectus
580 2690 665 2732 rrauo
695 2670 811 2732 iucerto
847 2669 905 2732 suh
940 2667 1081 2732 Trairruo
1110 2673 1146 2731 at
1173 2669 1313 2746 m'dctur;
1343 2672 1359 2735 ὁ
1391 2673 1531 2756 σοφιστὴς
1556 2669 1699 2756 Ἡρώδης

404 2775 497 2840 ἐτέλει
521 2775 573 2858 μὲν
598 2773 631 2837 ἐκ
653 2771 790 2856 πατέρων
815 2773 845 2841 ἐς
867 2773 934 2841 τοὺς
957 2773 1128 2848 irroramur
1144 2771 1297 2838 Philostr.
1318 2771 1338 2840 l.
1363 2771 1382 2838 l.
1405 2779 1437 2848 2,
1462 2780 1489 2842 1,
1513 2779 1542 2848 1,
1566 2777 1582 2839 h
1606 2775 1698 2838 αὐτοῦ

404 2877 458 2957 (-“·
483 2875 633 2960 Herodis)
657 2877 751 2960 πατὴρ
777 2880 837 2946 τοῖς
867 2877 1029 2945 hircaniam:
1059 2874 1286 2961 συγκατελέχθη
1314 2875 1435 2940 Suidas
1459 2875 1478 2939 l.
1511 2875 1530 2942 t.
1580 2876 1699 2956 Quart-

403 3003 497 3063 quam
528 2977 587 3042 tati
618 2978 653 3040 iu
684 2997 720 3040 ro
749 2977 935 3040 auctoritati
961 2977 1125 3040 eerhorura
1145 2977 1368 3058 perpleroram
1393 2977 1589 3042 Philostrati
1609 2977 1701 3042 tearrd

402 3086 451 3147 ita
479 3081 611 3145 ocultum
642 3080 823 3155 trihaerim,
851 3079 933 3142 atta
962 3078 1101 3156 Saldae,
1123 3100 1229 3143 rerum
1253 3099 1317 3143 esse
1332 3084 1438 3161 potest
1459 3079 1602 3144 Atticam
1625 3103 1700 3144 eoa-

402 3185 499 3250 suhm
522 3185 637 3246 iterum
659 3180 822 3260 aeffectum
850 3202 913 3246 esse
942 3182 999 3245 ath
1027 3181 1208 3246 Hadriano.
1255 3180 1432 3246 Prooouaul
1456 3182 1554 3247 Asiae
1577 3183 1701 3248 Saidas

403 3289 424 3352 l.
447 3287 485 3364 l.;
508 3291 542 3350 at
564 3306 633 3348 aaut
648 3289 819 3367 praeterea
841 3283 965 3364 reliqua
987 3305 1067 3365 quae
1088 3289 1170 3348 reete
1190 3284 1227 3348 dc
1246 3285 1340 3348 rchus
1354 3284 1543 3366 tauah'apae
1558 3285 1702 3350 Herodis

404 3410 438 3452 eo
469 3387 571 3468 capite
594 3385 716 3451 Saietae
747 3385 927 3463 tradantur,
959 3387 1084 3450 omuino
1114 3409 1130 3450 c
1158 3387 1224 3450 rita
1245 3385 1439 3450 Philostrati
1459 3386 1603 3450 derirala
1623 3388 1700 3458 siat,

404 3491 459 3572 proi
480 3495 510 3552 et
531 3489 718 3553 acceleratim
743 3487 903 3564 laudatur,
926 3487 987 3552 illa
1017 3493 1121 3552 autera
1141 3509 1221 3570 quae
1242 3510 1263 3552 a
1283 3489 1482 3554 Philostrato
1506 3489 1699 3572 discreparet.

402 3611 466 3656 aaa
496 3595 561 3654 tam
593 3610 630 3653 ca
658 3589 722 3652 alio
752 3589 838 3670 toute
859 3589 976 3653 hausta
997 3610 1092 3670 quoru
1115 3611 1152 3653 er
1172 3591 1360 3653 uarratioue
1382 3589 1577 3654 Philostrati
1597 3591 1700 3674 aeple-

401 3697 509 3775 peatcr
532 3692 679 3756 adhihita
699 3697 728 3755 et
750 3697 902 3774 corrupta
915 3713 977 3774 per
1000 3690 1135 3757 Suidaru
1157 3693 1204 3756 rct
1223 3695 1333 3775 potrus
1349 3713 1411 3775 per
1433 3698 1594 3758 auctorem
1616 3695 1701 3758 uarie

402 3793 527 3878 pendet,
553 3799 625 3858 orta
647 3813 710 3859 esse
732 3793 909 3870 eruantur,
925 3793 1173 3877 procoasulatus
1187 3794 1242 3858 illc
1257 3796 1370 3872 Attici,
1393 3797 1448 3876 qui
1465 3797 1561 3860 unias
1578 3796 1701 3862 Surdae

405 3898 578 3963 testimonio
601 3898 714 3978 fertur,
737 3899 817 3960 satis
839 3897 976 3978 infirmo,
1003 3917 1120 3974 uereor,
1143 3897 1348 3977 sandaracato
1370 3897 1495 3962 aititur.
1539 3899 1602 3963 Est
1622 3920 1701 3964 saue

404 4021 460 4063 aa
474 4000 669 4081 suspicemur
682 3998 943 4081 proeousulatum
957 3999 1061 4078 Attici
1075 4000 1109 4063 iu
1127 3998 1217 4063 auita
1233 3999 1301 4063 clia
1315 4021 1350 4062 re
1366 4000 1506 4080 positura
1524 4021 1589 4066 esse
1604 4023 1699 4084 otram

403 4104 438 4168 iu
466 4101 549 4165 malo
577 4100 734 4164 rutellerta
766 4121 875 4164 corsua
903 4122 1007 4164 reru-m
1037 4101 1257 4178 enarratione,
1290 4123 1369 4184 quoe
1392 4123 1412 4165 a
1435 4100 1637 4168 Philostrato
1663 4103 1701 4168 de

404 4209 586 4268 correctura
604 4204 778 4268 civitatium
793 4203 901 4280 Asiae,
925 4224 990 4285 qua
1004 4203 1146 4269 Herodes
1168 4202 1255 4286 hiras
1277 4205 1405 4284 sauctus
1426 4209 1481 4279 est,
1506 4207 1542 4269 iu
1563 4205 1699 4270 modium

400 4305 551 4389 prolatae
577 4311 659 4372 suut.
706 4303 869 4391 Ἀρχιερεὺς
899 4313 958 4370 τῶν
989 4305 1149 4391 Σεβαστῶν
1180 4308 1569 4373 t.2-6.8.10.12.15
1594 4311 1702 4394 (ἱερεύς

405 4413 426 4474 t.
442 4411 505 4492 13),
530 4408 577 4474 διὰ
599 4407 752 4493 προγόνων
778 4411 798 4471 t.
823 4413 871 4484 15,
896 4408 943 4472 διὰ
966 4408 1029 4493 βίου
1053 4411 1073 4472 t.
1095 4409 1125 4483 8,
1156 4417 1228 4492 post
1251 4429 1371 4472 annum
1397 4408 1456 4471 128
1480 4411 1502 4473 t.
1526 4415 1576 4475 13.
1623 4411 1701 4476 Fuit

406 4511 438 4571 in
461 4510 561 4591 vivia,
593 4531 667 4574 cum
690 4507 838 4572 Herodes
868 4508 954 4572 filius
985 4519 1147 4572 corrector
1175 4510 1353 4574 civitatium
1382 4506 1559 4574 liberarum
1591 4512 1699 4594 Asiae,

405 4611 523 4674 Arrius
538 4611 723 4676 Antoninus
746 4611 815 4695 (qui
840 4620 952 4695 postea
966 4611 1044 4673 Pius
1061 4609 1241 4693 Augustus)
1265 4609 1437 4696 proconsul
1460 4611 1609 4678 eiusdem
1629 4637 1701 4700 pro-

405 4714 531 4775 vinciae
547 4723 631 4776 esset
646 4712 693 4795 (id
706 4717 751 4776 est
770 4713 856 4775 circa
872 4733 901 4775 a.
916 4716 975 4776 135
991 4711 1032 4794 cf.
1047 4731 1148 4794 supra
1159 4712 1191 4775 A
1207 4715 1303 4794 1257)
1318 4713 1472 4778 Philostr.
1491 4713 1511 4778 l.
1527 4715 1547 4780 t.
1564 4715 1590 4798 §
1604 4723 1701 4782 4.·17.

406 4813 483 4878 &aaa
499 4814 641 4878 Herodes
662 4814 749 4898 pitius
771 4814 981 4878 sacerdotium
1001 4815 1071 4877 aare
1092 4815 1285 4878 hereditario
1307 4817 1415 4878 iaisset
1436 4816 1506 4878 otia
1525 4817 1703 4883 Herdriaao

404 4917 446 4998 ot.
453 4915 530 4980 011
542 4916 608 4980 ΙΙΙ
613 4921 683 4993 478,
690 4917 831 4998 sequitur
838 4916 981 4980 Atticum
994 4916 1075 4980 dr'ua
1087 4918 1201 4981 obiisse
1211 4917 1268 4980 sarh
1280 4918 1373 5000 haara
1385 4917 1515 4999 iutprrii
1521 4919 1702 4985 Hadriani.
