3818 5620
208 357 357 416 ASINIVS
862 349 923 412 165
1417 358 1565 414 ASINIVS

273 576 410 640 quorum
442 553 643 619 orationibus
670 555 811 619 inserere
844 564 1059 621 consueverat
1090 553 1279 636 Quintilian.
1306 555 1378 622 inst.
1405 563 1433 633 1,
1456 561 1486 633 8,
1510 563 1568 636 11;

274 657 369 722 homo
402 658 546 722 omnium
579 655 732 720 horarum
761 657 854 720 seriis
884 657 1027 742 iocisque
1057 659 1179 743 pariter
1209 657 1469 723 accommodatus
1501 659 1565 724 ild.

273 765 347 838 6,3,
365 765 436 826 119.
473 757 598 824 Tristes
620 781 658 822 ae
680 759 780 823 ieiuni
805 756 984 824 Pollionem
1007 759 1212 828 aemulantur
1233 759 1298 828 ild.
1315 765 1366 837 19,
1382 767 1414 838 2,
1430 765 1481 826 17.

338 861 539 927 Memoratur
559 863 591 927 in
609 862 658 944 iis,
676 862 730 948 qui
746 860 884 928 multum
900 871 975 926 ante
989 863 1204 948 quaestoriam
1224 872 1359 928 sentem
1375 866 1568 946 gravissima

275 965 394 1030 iudicia
415 974 627 1051 susceperunt
645 964 833 1046 Quintilian.
849 965 990 1042 100112,
1006 969 1036 1043 6,
1052 970 1081 1030 1.
1108 964 1220 1030 Altero
1239 975 1271 1030 et
1286 967 1437 1031 vicesimo
1453 968 1567 1031 aetatis

274 1091 359 1133 anno
388 1066 426 1136 (1.
456 1066 614 1134 (tatonem
645 1067 819 1151 Qrilumun
842 1067 949 1150 plebis
976 1089 1005 1132 a.
1028 1071 1088 1134 698
1110 1099 1151 1122 =
1172 1072 1213 1134 56
1235 1067 1301 1133 Dio
1321 1073 1372 1146 39,
1395 1073 1451 1153 27)
1474 1092 1566 1134 aecu-

275 1173 359 1236 savit
380 1194 409 1238 a.
433 1171 496 1236 700
518 1201 558 1224 =
581 1171 622 1236 54
649 1170 723 1234 Tac.
746 1169 823 1238 dial.
846 1175 895 1248 34,
927 1169 1049 1237 Sertcca
1073 1175 1210 1236 controv.
1234 1176 1262 1248 7,
1285 1177 1314 1248 4,
1340 1175 1367 1236 7.
1411 1171 1568 1237 Defendit

276 1271 391 1354 (aelate
421 1274 632 1360 triumvirum)
662 1273 811 1338 Lamiam
840 1283 878 1338 et¹
900 1283 1013 1359 postea
1039 1274 1217 1338 orationem
1246 1295 1305 1359 pro
1328 1272 1443 1338 Lamia
1466 1272 1568 1339 edidit

276 1375 397 1442 Seneca
418 1397 540 1442 000000.
556 1379 651 1453 6,·15.
684 1374 854 1441 Moschum
877 1377 1114 1460 Pergamenum
1137 1377 1286 1441 veneficii
1309 1397 1399 1442 reum
1421 1376 1568 1442 defendit

276 1477 345 1558 (006
369 1481 495 1544 initium
516 1481 608 1563 repul
620 1478 768 1562 stupenti,
791 1485 827 1543 ut
849 1501 887 1544 ea
901 1478 1041 1544 11000110
1057 1479 1204 1563 apparet)
1219 1479 1335 1545 Horat.
1352 1481 1440 1562 00101.
1456 1485 1485 1557 1,
1500 1485 1530 1557 5,
1548 1485 1567 1545 9

276 1582 316 1662 cf.
341 1582 497 1666 Papbyr.
516 1605 551 1666 p.
568 1588 642 1661 274,
666 1582 787 1649 Seneca
810 1587 946 1650 controv.
962 1585 1040 1662 2,5,
1056 1587 1105 1650 13.
1142 1582 1259 1648 Mediis
1281 1582 1422 1666 Augusti
1445 1593 1565 1668 tempo·

275 1685 364 1751 ribus
380 1686 467 1772 apud
483 1687 700 1750 centumviros
715 1687 877 1751 orationes
892 1685 1014 1768 habuit,
1035 1707 1120 1772 quae
1143 1708 1200 1772 pro
1218 1685 1391 1751 heredibus
1410 1685 1568 1751 Vrbiniae

275 1789 497 1854 inscribuntur
515 1789 590 1854 Tac.
614 1787 690 1856 dial.
713 1793 763 1865 38,
785 1788 974 1870 Quintilian.
997 1789 1070 1854 inst.
1089 1794 1236 1868 4,1,11,·
1260 1794 1288 1867 7,
1304 1793 1337 1866 2,
1356 1795 1387 1855 4.
1406 1793 1436 1855 5.
1455 1794 1501 1855 ’26
1524 1791 1567 1872 cs·

274 1897 304 1968 1,
325 1897 355 1968 5,
377 1895 409 1970 8,
432 1890 556 1956 ctera
578 1891 722 1958 Gratum.
739 1893 813 1957 Lat.
836 1892 861 1957 Ι
870 1914 907 1975 p.
925 1897 972 1956 77.
1018 1891 1088 1957 Sub
1113 1891 1259 1976 Augusto
1284 1893 1425 1958 Nonium
1447 1891 1566 1978 Aspre·

276 2004 383 2059 uatem
404 1996 553 2060 veneficii
576 2017 667 2060 reum
689 1993 835 2061 defendit
853 1995 1042 2077 Quintilian.
1062 1996 1136 2060 inst.
1158 1999 1324 2073 10‚1‚22,
1348 1994 1388 2077 cf.
1405 1999 1455 2072 11,
1470 2000 1500 2072 1,
1515 1999 1565 2072 47,

275 2095 402 2162 Sueten.
425 2097 561 2182 Aupust.
580 2103 630 2176 56,
652 2097 740 2163 Ptin.
762 2119 794 2162 0.
818 2097 848 2162 1.
869 2103 919 2176 35,
946 2103 1006 2163 164
1035 2098 1078 2177 (01
1105 2119 1140 2162 rc
1173 2117 1248 2163 aera
1284 2097 1344 2162 luc
1374 2097 1566 2180 pertineant,

275 2220 354 2281 0000
382 2199 448 2265 Dia
468 2205 562 2279 55,4
594 2202 662 2266 0100
693 2202 817 2266 nomiae
849 2201 897 2264 rei
928 2200 1159 2265 acnaatoriaoe
1191 2204 1323 2276 narrat,
1358 2203 1462 2264 10000
1494 2199 1567 2264 indo

275 2321 472 2385 0000000αο
499 2305 640 2386 sequitur
668 2302 759 2368 illam
782 2323 913 2368 causam
935 2324 965 2368 a.
991 2307 1050 2369 745
1072 2332 1113 2356 =
1136 2307 1157 2368 9
1176 2324 1207 2368 a.
1228 2302 1264 2369 0.
1291 2307 1396 2368 actam
1426 2321 1502 2378 csse,
1532 2307 1568 2366 ut

273 2405 400 2486 pn'arcs
421 2406 462 2487 cl.
488 2405 608 2488 Meyer,
633 2405 804 2472 00010000
825 2425 1030 2471 tatianorum
1051 2405 1234 2489 frapmcnla
1249 2404 1295 2470 ed.
1312 2405 1359 2469 Π
1370 2427 1406 2488 p.
1425 2408 1488 2470 492
1503 2425 1567 2486 pro

275 2512 358 2572 certa
373 2507 583 2591 attrectarunt
589 2529 599 2587 ;
620 2529 696 2574 narn
710 2507 777 2574 Dio
793 2507 814 2572 l.
829 2507 849 2573 l.
864 2528 929 2573 000
942 2509 1008 2572 niet
1026 2507 1217 2574 transeunda
1238 2506 1502 2573 narratiunculas
1525 2505 1569 2570 ad

274 2609 502 2676 lanianitatera
523 2609 664 2694 Aupusli
684 2609 910 2676 illustrandam
940 2609 1058 2691 affert).
1096 2610 1223 2676 Incerto
1246 2615 1382 2693 tanporc
1402 2609 1487 2674 dixit
1508 2630 1567 2695 pro

277 2711 399 2777 Scauro
427 2711 494 2777 filio
518 2713 707 2795 Quintilian.
732 2715 830 2778 irretit.
854 2718 882 2790 6,
898 2718 928 2790 1,
944 2717 988 2778 21
995 2733 1006 2792 ‚·
1025 2718 1055 2789 9,
1070 2718 1103 2790 2,
1119 2717 1163 2779 24
1186 2723 1218 2777 et
1240 2735 1298 2799 pro
1320 2712 1481 2777 Liburnia
1501 2710 1565 2776 ild.

277 2818 307 2891 9,
323 2819 355 2891 2,
371 2819 415 2882 24
438 2813 492 2898 (cf.
509 2821 539 2892 9,
553 2819 586 2892 2,
602 2818 646 2901 9).
663 2853 701 2862 -
726 2817 842 2881 Dictus
862 2825 912 2880 est
929 2817 961 2879 in
978 2815 1015 2880 L.
1031 2813 1214 2880 Munatium
1230 2814 1388 2880 Plancum
1407 2815 1569 2878 orationes

281 2939 404 3002 parare,
421 2939 505 3004 quae
520 2917 562 2984 ab
578 2919 649 3002 ipso
666 2928 722 2983 aut
736 2916 846 2984 liberis
862 2928 1084 3004 postmortem
1101 2917 1187 2982 illius
1203 2915 1376 2981 ederentur
1387 2915 1473 2980 Ptin
1489 2937 1520 2982 0.
1537 2915 1566 2980 t.

276 3021 383 3102 10006.
406 3025 455 3088 31.
481 3057 518 3066 .„
548 3018 649 3084 Dicta
678 3019 761 3084 eius:
793 3019 959 3084 commode
990 3017 1115 3104 agendo
1149 3017 1271 3084 factum
1304 3028 1368 3101 est,
1403 3027 1440 3082 ut
1471 3039 1567 3102 saepe

277 3143 423 3206 agerem,
451 3144 546 3208 saepe
575 3120 718 3206 agendo,
744 3133 779 3188 ut
800 3123 906 3187 minus
930 3120 1097 3188 commode
1119 3120 1209 3188 Plin.
1229 3143 1276 3204 ep.
1296 3125 1325 3198 6,
1344 3124 1399 3199 29,
1415 3125 1435 3186 5
1442 3141 1452 3199 ;
1473 3120 1568 3197 male,

279 3223 419 3307 hercule,
442 3226 573 3290 eveniat
591 3224 710 3308 verbis,
729 3226 791 3289 nisi
808 3247 877 3290 rem
892 3235 1071 3310 sequantur
1084 3223 1179 3290 schol.
1200 3222 1374 3306 Cruquiact.
1394 3223 1437 3288 ad
1451 3223 1568 3289 Horat.

279 3327 367 3410 epist.
389 3332 422 3405 2,
445 3331 476 3406 3,
497 3333 568 3392 311.

344 3430 473 3494 Primus
489 3433 632 3495 omnium
646 3429 868 3494 Romanorum
883 3428 1049 3493 advocatis
1067 3427 1251 3494 hominibus
1274 3430 1391 3515 scripta
1410 3451 1469 3494 sua
1490 3431 1569 3494 reci·

280 3533 362 3598 tavit
382 3534 503 3598 Secuta
524 3538 660 3600 controv.
683 3537 704 3597 4
726 3533 891 3616 000012.
936 3530 1142 3596 Declamavit
1167 3529 1374 3596 multitudine
1402 3553 1568 3618 nunquam

279 3635 435 3719 admissa3
458 3638 491 3700 in
506 3633 717 3701 declamando
733 3633 878 3698 floridior
892 3633 1058 3720 aliquanto
1075 3657 1171 3720 quam
1189 3635 1223 3698 in
1238 3633 1363 3717 agendo
1378 3634 1443 3700 ild.
1459 3639 1489 3700 ct
1503 3635 1567 3717 §3.

281 3738 467 3804 Sententiae
497 3761 539 3803 ex
568 3736 856 3803 declamationibus
878 3735 943 3802 ibd.
965 3742 995 3814 4,
1015 3742 1047 3814 2,
1067 3741 1104 3815 5,·
1127 3741 1155 3814 7,
1171 3742 1200 3814 1,
1215 3741 1253 3815 4,·
1276 3741 1304 3814 7,
1324 3740 1422 3814 6,12,
1445 3735 1568 3800 colores

280 3840 344 3906 ibd.
361 3847 390 3919 1,
407 3847 511 3919 6,11,·
533 3847 562 3918 7,
577 3846 607 3918 1,
622 3845 679 3918 22,
704 3849 875 3927 praecepta
897 3837 938 3903 de
960 3837 1068 3903 colore
1089 3838 1244 3916 110143.
1277 3838 1449 3905 Sextilium
1463 3839 1567 3904 Euam

281 3945 315 4008 in
336 3944 431 4009 domo
453 3941 625 4009 Messallae
647 3943 782 4009 Oorvini
804 3943 994 4007 recitantem
1014 3963 1079 4006 non
1102 3941 1175 4006 tulit
1196 3939 1240 4007 id.
1263 3960 1385 4010 000000.
1406 3947 1434 4019 6,
1451 3946 1504 4006 24.

346 4046 482 4112 ‘Motum
513 4070 556 4113 ex
577 4045 708 4112 Metello
737 4045 869 4111 consule
898 4045 1038 4109 civicum
1067 4043 1208 4130 bellique
1237 4065 1351 4108 causas
1381 4053 1414 4108 at
1436 4045 1517 4108 vitia
1538 4053 1570 4108 et

280 4148 391 4214 modos
421 4148 597 4235 ludumque
626 4150 791 4216 Fortunae
818 4149 994 4234 gravisque
1024 4148 1205 4233 principum
1235 4147 1391 4212 amicitias
1414 4154 1446 4209 et
1468 4168 1567 4230 arma,
1660 4230 1665 4240 Ι

281 4251 425 4316 nondum
452 4254 591 4338 expiatis
624 4262 722 4318 uncta
752 4251 938 4333 cruoribus,
976 4247 1175 4336 periculosae
1208 4247 1341 4336 plenum
1372 4271 1452 4334 opus
1479 4247 1568 4312 aleae

280 4365 401 4420 tractas
424 4365 456 4420 et
477 4354 601 4420 incedis
623 4375 682 4441 per
703 4355 787 4438 ignis
810 4356 992 4441 suppositos
1014 4353 1116 4416 cineri
1143 4349 1264 4416 doloso'
1289 4350 1447 4417 Horatius
1469 4371 1567 4416 carm.

279 4463 312 4536 2,
335 4463 364 4534 1,
387 4463 462 4523 1-8.
508 4457 594 4523 Vnde
615 4462 750 4540 apparet
764 4456 939 4522 Palliatcm
960 4455 1111 4520 lictoriae
1132 4474 1238 4518 rerum
1256 4452 1477 4518 Romanarum
1495 4453 1569 4518 inda

282 4581 304 4625 a
332 4561 369 4629 L.
392 4561 536 4643 Afrania
565 4561 601 4642 Q.
634 4559 773 4626 Caecilia
802 4559 932 4624 Metello
962 4577 1021 4623 cas.
1052 4554 1107 4638 (=
1136 4578 1167 4622 a.
1189 4561 1249 4622 694
1271 4585 1314 4610 =
1339 4578 1368 4623 0.
1392 4561 1432 4622 69
1461 4577 1491 4620 0.
1519 4555 1568 4639 C.)

279 4668 437 4747 90010000
465 4663 603 4732 scribere
633 4664 777 4747 coepisse,
811 4683 880 4727 0ιο
901 4666 1001 4745 poeta
1029 4661 1138 4726 laudes
1168 4661 1234 4725 cius
1266 4659 1445 4726 celebraret.
1506 4659 1569 4740 Qui

280 4766 406 4848 quanda
435 4787 561 4833 carnion
590 4767 770 4849 tempserit,
797 4784 985 4848 00000000
1013 4765 1081 4828 aeri
1107 4762 1209 4827 010010
1239 4766 1284 4828 ast
1310 4762 1474 4845 00100000
1500 4783 1568 4826 cuni

281 4876 356 4952 post
384 4870 498 4936 bellurn
518 4868 697 4946 Actionem,
721 4868 903 4934 accuratius
931 4866 1062 4951 definire
1090 4885 1153 4931 nan
1181 4864 1260 4932 licet.
1307 4865 1373 4930 Sal
1393 4863 1568 4929 Pollionem

280 4971 432 5039 11010000
453 4973 589 5040 scribere
611 4989 793 5056 oppressum
814 4989 878 5036 case
893 4969 995 5056 paulo
1015 4972 1087 5034 ante
1103 4967 1216 5033 101100
1230 4967 1399 5034 Actionem
1414 4989 1452 5032 aa
1465 4968 1568 5032 verbis
