3758 5628
226 317 402 374 CEIONIVS
878 311 942 378 327
1409 320 1583 378 CEIONIVS

289 537 349 581 oon
371 515 483 592 Sedet,
513 514 564 580 die
584 513 694 580 Daton
716 515 771 581 der
792 515 1101 582 Almana-misenen
1124 516 1377 583 Kaisermiinren
1391 539 1428 600 p.
1450 521 1500 594 33,
1531 519 1586 600 qui

289 620 359 684 iure
379 617 459 683 aiibi
480 617 518 683 de
538 617 596 682 boc
618 638 744 684 nunerio
767 618 927 684 dubitasse
951 617 1084 684 uidetur.
1129 619 1260 684 Pariter
1282 619 1364 684 euim
1395 616 1585 698 offendimur

289 741 323 785 eo
345 720 428 803 quod
449 740 551 786 onmes
575 720 736 798 Carenis,
763 740 828 786 nou
851 720 1000 802 Aupusti,
1030 725 1067 786 ut
1095 741 1216 805 semper
1238 721 1324 788 atius
1351 722 1425 806 fieri
1451 721 1528 787 sobet
1549 723 1585 787 in

290 822 531 900 Alexandrinis,
549 823 727 906 adscriptos
743 843 808 888 csse
822 823 939 888 dieitur
956 828 1048 904 atque
1063 825 1155 888 tertio
1171 845 1264 901 anno,
1283 823 1367 889 unde
1387 823 1587 908 adoptionem

289 928 412 1008 factam
434 945 498 990 csse
521 930 594 990 ante
615 946 749 990 manem
772 925 987 1008 Septembrem
1010 946 1039 990 a.
1055 931 1115 992 136
1136 927 1325 1010 efficeretur.

352 1030 395 1094 In
415 1027 580 1093 consulatu
600 1028 627 1094 Ι
645 1049 729 1093 anno
751 1033 815 1094 136
840 1026 958 1092 dieitur
984 1027 1022 1096 L.
1047 1027 1200 1094 Ceionius
1224 1028 1421 1095 Commodus
1448 1028 1500 1094 VI
1513 1033 1584 1096 975.

290 1135 415 1207 10242,
437 1131 505 1196 III
521 1135 593 1207 720,
623 1130 718 1196 XIV
728 1135 817 1197 2852
836 1136 892 1196 etc.
918 1132 984 1196 siue
1006 1129 1160 1196 Ceionius
1182 1129 1378 1196 Commodus
1406 1131 1470 1196 siue
1492 1129 1584 1196 Com·

290 1233 403 1298 modus
431 1234 513 1317 fasti
519 1253 528 1312 ,·
551 1233 652 1316 piane
681 1233 812 1300 dubium
840 1237 902 1311 est,
932 1254 1007 1298 num
1035 1238 1118 1300 recte
1143 1232 1319 1316 suppletum
1340 1239 1370 1298 et
1397 1233 1441 1298 ad
1469 1255 1500 1298 a.
1522 1239 1586 1300 136

289 1335 425 1402 relatum
447 1336 488 1401 sit
512 1336 560 1420 [L.
584 1335 689 1420 Ael]io
714 1335 853 1402 Caesare
872 1357 935 1400 eos.
961 1336 1011 1402 VI
1027 1341 1120 1404 2377.
1159 1337 1203 1402 In
1224 1335 1389 1401 consulatu
1409 1337 1457 1401 II
1473 1358 1503 1402 a.
1523 1341 1587 1402 137

288 1459 409 1522 smper
423 1438 461 1503 L.
477 1437 591 1504 Aelius
607 1438 729 1505 Caesar
742 1439 839 1522 fasti·
855 1439 928 1504 item
936 1445 1012 1524 post
1027 1439 1226 1524 adoptionem
1239 1439 1274 1504 in
1287 1439 1424 1504 nummis
1439 1444 1468 1504 et
1484 1439 1585 1505 titulis

289 1541 449 1624 plerisque
471 1542 524 1624 (L.
547 1541 668 1608 Caesar
691 1546 712 1606 t.
735 1547 783 1608 11.
807 1546 854 1608 13.
877 1547 926 1608 14.
949 1543 1012 1625 15).
1047 1542 1147 1625 Apud
1166 1541 1304 1607 Dionen
1325 1541 1364 1606 L.
1386 1540 1583 1606 Commodus

290 1647 485 1722 69,17.20,·
508 1649 554 1720 70,
572 1650 590 1709 1
600 1664 610 1722 ;
634 1649 726 1720 71,1,
750 1643 789 1708 L.
812 1642 926 1709 Aelius
942 1643 1062 1710 Caesar
1086 1644 1191 1710 Viator
1205 1647 1255 1709 14.
1287 1644 1382 1709 Mira
1400 1644 1584 1725 contusione

289 1745 458 1828 scriptores
472 1746 528 1828 qui
543 1745 691 1811 dieantur
705 1745 858 1812 historiae
873 1747 1038 1830 Aupustae
1052 1747 1087 1811 in
1102 1746 1282 1812 naumibns
1296 1745 1391 1811 buius
1412 1745 1585 1826 afferendis

288 1847 341 1912 usi
352 1851 442 1913 sunt:
457 1853 541 1913 recte
554 1848 593 1913 L.
606 1847 759 1914 Ceionius
775 1847 970 1913 Commodus
987 1848 1039 1913 vit.
1058 1848 1170 1914 Marci
1182 1854 1212 1925 4,
1227 1852 1264 1927 5;
1279 1853 1309 1925 6,
1324 1853 1349 1914 2
1366 1847 1415 1912 oet
1430 1847 1583 1914 Ceionius

290 1948 486 2014 Commodus
504 1952 558 2018 υἱέ.
575 1950 810 2028 Hadrianus,
826 1955 878 2028 16,
900 1951 990 2015 Aelii
1010 1956 1043 2028 2,
1066 1956 1086 2016 1
1107 1949 1156 2016 acl
1176 1949 1214 2018 L.
1236 1948 1358 2015 Caesar
1377 1949 1489 2015 Murci
1508 1953 1537 2026 5,
1553 1956 1582 2016 1.

291 2051 412 2119 Contra
435 2051 588 2118 Ceionius
616 2053 811 2119 Commodus
834 2053 941 2118 Verus
970 2054 1024 2118 υἱέ.
1047 2052 1153 2118 Hadr.
1179 2058 1311 2130 23,11,
1341 2050 1453 2117 Aelius
1478 2052 1584 2117 Verus

290 2152 411 2220 Caesar
424 2156 549 2233 ioum,
562 2162 611 2223 11.
622 2163 675 2234 24,
692 2158 770 2240 Idu
782 2157 940 2222 codicibus
949 2156 1135 2239 plerumque
1152 2155 1291 2220 traditur
1302 2155 1427 2239 Helius,
1442 2156 1509 2220 υἱέα
1519 2159 1584 2232 2,1

291 2256 404 2342 Elius),
427 2259 466 2324 L.
489 2258 602 2325 Aelius
619 2259 726 2324 Verus
746 2260 801 2324 υἱέ.
826 2259 900 2325 Veri
912 2265 940 2336 1,
958 2263 986 2336 6,
1011 2257 1122 2324 Aelius
1138 2258 1244 2323 Verus
1258 2259 1323 2324 siae
1339 2258 1445 2324 Verus
1459 2257 1585 2342 passim

290 2361 325 2426 iu
345 2362 422 2438 vita,
454 2362 492 2430 L.
513 2359 667 2427 Aurelius
691 2363 797 2426 Verus
818 2362 885 2426 cita
907 2367 941 2439 2,
963 2367 992 2439 6,
1023 2362 1061 2426 L.
1086 2360 1239 2427 Ceionius
1260 2360 1455 2427 Commodus
1479 2362 1584 2427 Verus

290 2463 402 2528 Aelius
422 2463 543 2530 Caesar
558 2467 625 2530 uita
640 2471 668 2543 6,
684 2471 714 2533 6.
750 2464 859 2548 Neque
875 2464 997 2530 nummi
1010 2486 1106 2547 neque
1122 2464 1215 2541 tituti,
1240 2464 1406 2530 diommodo
1427 2465 1585 2547 exceperis

288 2565 370 2632 mato
398 2567 565 2650 suppletas,
597 2589 764 2651 coquorum
786 2567 863 2632 Veri
891 2563 926 2632 in
952 2566 1081 2632 Ceionio
1108 2566 1276 2632 Commodo
1298 2573 1355 2632 aut
1380 2569 1419 2635 L.
1446 2566 1584 2633 Caesare

292 2676 472 2752 mmosmnt.
509 2670 643 2736 Accedit
666 2671 749 2753 quod
769 2671 808 2736 L.
833 2669 1035 2736 Commodum
1058 2669 1171 2754 titium,
1201 2671 1256 2752 oui
1270 2675 1385 2752 postea
1406 2671 1583 2753 imperauit,

300 2769 372 2835 Veri
393 2793 560 2856 copnomen
581 2793 645 2838 uon
666 2777 702 2838 nt
718 2777 891 2855 paternum
912 2771 1068 2850 babuisse,
1091 2769 1147 2836 sed
1168 2772 1344 2838 eudemum
1366 2777 1502 2856 tempore
1524 2796 1584 2856 quo

292 2874 456 2957 imperium
477 2877 567 2954 iniit,
596 2897 617 2940 a
641 2875 691 2941 Μ.
713 2875 877 2940 Antom'no
901 2877 1007 2957 fratre
1030 2876 1184 2958 accepisse
1206 2879 1336 2942 constat.
1377 2876 1583 2942 Reiciendum

290 2981 334 3040 est
355 2977 454 3060 ipitur
477 2979 686 3045 testimouium
709 2979 971 3062 bioprapborum‚
998 2979 1205 3060 uninomina
1226 2980 1353 3062 priuati
1374 2985 1403 3044 et
1424 2977 1581 3058 Caesaris,

287 3081 396 3161 patris
425 3086 455 3146 et
483 3082 561 3165 atii,
594 3081 667 3147 Veri
689 3087 719 3147 et
741 3083 854 3148 Marci
875 3081 965 3164 foede
988 3081 1177 3164 conflarunt.

353 3183 439 3247 Huic
472 3195 564 3270 pater
598 3183 750 3250 Ceionius
784 3181 979 3250 Commodus
1014 3183 1091 3266 fuit,
1130 3203 1227 3270 quem
1260 3182 1314 3247 alii
1349 3183 1487 3267 Verum,
1525 3183 1582 3249 alii

291 3284 328 3348 L.
350 3285 536 3370 Aurelium,
567 3287 660 3352 multi
683 3287 825 3352 Annium
856 3286 1029 3373 prodidere
1054 3287 1121 3350 υἱέα
1142 3291 1175 3363 2,
1199 3291 1227 3362 7,
1250 3285 1345 3350 immo
1367 3286 1406 3350 L.
1434 3284 1582 3352 Ceionius

290 3385 475 3453 Commodus
505 3389 613 3454 carnut
642 3411 671 3457 a.
695 3394 756 3454 106
777 3391 818 3471 cf.
841 3394 980 3454 stemma.
1024 3387 1075 3452 De
1101 3407 1195 3453 cursu
1222 3387 1376 3452 bonoram
1400 3407 1480 3470 quae
1502 3387 1581 3469 affe-

288 3495 403 3555 runtur
414 3492 482 3555 vita
495 3497 526 3569 3,
541 3493 595 3556 eit.
611 3491 774 3560 Hadrian.
790 3496 835 3557 23
850 3491 950 3574 plane
964 3491 1069 3556 eodem
1085 3490 1176 3555 modo
1196 3491 1330 3571 confusa
1351 3494 1440 3568 sunt‚·
1461 3492 1582 3556 utrobi·

288 3612 345 3672 quc
372 3599 530 3658 narratur
556 3605 629 3681 post
649 3594 853 3681 adoptionem
877 3604 1031 3680 praetura
1052 3592 1243 3658 honoratum
1266 3602 1299 3656 et
1321 3591 1498 3656 Pannoniis
1524 3595 1580 3658 im·
1608 3646 1614 3661 .

290 3695 427 3778 positum
449 3718 520 3760 esee
541 3697 670 3762 decreto
694 3695 863 3762 consulatu
886 3717 959 3762 oum
982 3694 1175 3782 sumptibus,
1202 3694 1320 3759 deinde
1343 3694 1485 3760 seeundo
1508 3719 1582 3760 cou-

288 3797 390 3862 sulem
414 3799 628 3881 designatum.
673 3799 739 3866 Sed
761 3797 945 3866 Comnmdus
966 3798 1054 3882 fitius
1078 3799 1144 3863 eius
1164 3803 1260 3862 natus
1281 3801 1327 3864 est
1354 3798 1384 3862 d.
1406 3800 1583 3882 mamus

288 3897 472 3966 Decembris
502 3903 533 3966 in
565 3912 717 3988 praetura
746 3903 846 3988 patris
872 3903 998 3966 euicit.
1023 3901 1146 3977 Veril,
1169 3905 1199 3982 8,
1228 3923 1258 3964 a.
1283 3900 1354 3984 130,
1382 3904 1419 3965 ut
1447 3906 1582 3982 apparet

288 4004 359 4069 inde
381 4003 464 4086 quod
486 4005 604 4070 dicitur
630 4016 701 4092 post
731 4006 904 4091 septimum
933 4025 1055 4068 annum
1083 4005 1116 4067 in
1147 4000 1300 4066 familiam
1322 4000 1488 4067 Aureliam
1518 4014 1579 4067 tra·

288 4105 403 4172 duetus
420 4107 483 4176 ibd.
498 4113 604 4186 2,10;
626 4119 755 4194 praetor
771 4129 848 4192 ergo
864 4107 1160 4193 paterfuita130.
1198 4102 1319 4170 Consul
1334 4105 1352 4169 I
1366 4127 1396 4170 a.
1414 4105 1475 4169 136
1491 4104 1580 4185 fasti.

290 4206 342 4274 Ab
364 4209 533 4275 Hadriano
556 4210 728 4297 adoptatus
750 4221 800 4276 est
821 4212 888 4276 υἱέα
905 4210 1037 4292 passim,
1060 4208 1114 4273 υἱέ.
1130 4206 1293 4272 Hadrian.
1309 4212 1363 4284 23,
1386 4205 1453 4272 Dio
1475 4210 1583 4284 69,17

289 4308 449 4389 (Zonaras
463 4317 513 4390 11,
528 4317 595 4399 24),
618 4335 703 4378 auno
722 4314 791 4379 136.
829 4313 893 4394 Qui
914 4331 1016 4377 annus
1037 4310 1111 4377 inde
1132 4310 1269 4391 emerpit,
1292 4309 1376 4392 quod
1393 4307 1581 4375 Commodus

288 4414 483 4480 cmssdatum
496 4415 639 4498 primmn
658 4416 817 4498 priuatus,
843 4413 978 4480 atterum
1001 4413 1120 4480 Caesar
1142 4413 1223 4489 iniit,
1248 4417 1277 4476 et
1301 4411 1525 4494 conprobatur
1546 4431 1580 4476 eo

289 4516 370 4598 quod
390 4517 427 4583 in
448 4521 469 4584 t.
485 4523 513 4582 1.
529 4521 561 4584 2.
577 4523 598 4582 3
620 4518 737 4582 dicitur
753 4517 790 4582 L.
806 4516 919 4582 Aelius
935 4514 1054 4582 Caesar
1074 4514 1149 4581 trib.
1164 4523 1278 4600 potest.
1295 4535 1361 4579 cos.
1375 4513 1418 4596 H,
1443 4511 1582 4578 Hadria-

290 4638 349 4682 nus
379 4620 453 4687 trib.
483 4628 597 4706 potest.
627 4620 713 4685 XXI
742 4621 784 4705 (d.
812 4625 852 4684 10
881 4639 975 4688 mars.
1004 4617 1188 4684 Decembris
1217 4615 1416 4701 61367137)
1443 4636 1506 4683 eos.
1530 4615 1581 4680 111

290 4719 364 4806 imp.
380 4723 423 4789 11.
463 4722 546 4788 Cum
560 4723 629 4788 ceri
641 4725 683 4787 sit
696 4721 798 4787 sitente
813 4721 1015 4788 Commodum
1031 4720 1136 4786 eodem
1155 4721 1223 4801 sere
1239 4724 1374 4802 tempore
1396 4721 1427 4782 et
1447 4717 1580 4800 adopta·

290 4825 354 4887 tum
376 4843 440 4890 esse
462 4829 492 4890 et
513 4825 717 4891 tribunicium
740 4830 929 4907 potestatem
952 4825 1116 4906 accepisse,
1144 4843 1224 4904 quoe
1246 4822 1281 4886 in
1308 4819 1409 4886 titulis
1429 4820 1580 4884 nummis

290 4945 345 5022 oue
363 4947 484 5010 satiarer
504 4927 570 4992 sine
592 4928 771 4992 iterationis
788 4931 865 4992 nota
881 4928 1045 5010 inuenitur,
1063 4924 1278 5009 probabititer
1291 4923 1348 4988 sub
1365 4924 1459 5008 finnn
1474 4944 1504 4987 a.
1520 4926 1581 4987 136
