3818 5620
217 354 423 410 ARISTIDES
875 346 935 412 133
1324 355 1580 414 ARISTOBVLVS

218 553 306 618 stoa
325 551 511 616 Marcianus
528 549 687 616 Aristides
707 551 766 635 (sio
786 553 886 617 versio
904 552 1033 636 syriaca
1052 551 1227 635 apoloaiae,
1245 557 1380 618 ostentm
1395 552 1579 637 Aristides),

286 653 503 735 Atheniensis,
527 652 739 740 philosophus
762 654 967 720 Christianus
990 654 1103 719 eodem
1126 665 1279 740 tempore,
1302 678 1367 742 quo
1386 667 1420 721 et
1434 656 1581 738 Quadra·

286 767 355 842 tus,
386 756 507 822 librum
536 780 596 844 pro
623 757 815 824 Christianis
844 758 1058 843 compositum
1089 759 1276 844 imperatori
1299 758 1468 824 Hadriano
1492 759 1583 826 dedit

284 861 442 926 Eusebius
464 859 537 924 laist.
561 860 665 924 accus.
688 865 717 936 4,
741 865 777 938 4,
807 860 1021 943 Hieronymus
1044 860 1151 925 cleron.
1175 859 1220 925 od
1241 881 1272 925 a.
1294 861 1376 929 Abr.
1398 867 1495 940 2142,
1521 864 1580 928 oir.

285 964 332 1030 ill.
353 967 398 1030 29
419 963 466 1029 ΙΙ
477 984 512 1044 p.
528 966 592 1027 847
611 963 659 1029 ed.
682 962 839 1039 Vollorsi,
864 963 953 1045 spei.
976 968 1017 1028 70
1040 963 1084 1028 od
1106 963 1265 1046 Moprmrn
1286 964 1312 1029 Ι
1321 986 1359 1048 p.
1373 969 1447 1032 429.
1492 965 1581 1031 Reti·

284 1069 377 1150 quias
399 1066 589 1149 colloquunt
610 1065 732 1131 Harris
755 1071 784 1130 et
805 1065 985 1140 Robinson,
1021 1066 1099 1131 Text
1121 1065 1188 1131 ond
1212 1066 1331 1132 studies
1353 1068 1582 1133 contributione

287 1177 317 1235 to
340 1169 471 1235 titillent
492 1168 559 1234 arui
573 1169 726 1251 po-tristio
745 1168 923 1234 litterature
938 1169 964 1233 I
980 1173 1017 1248 1‚·
1037 1169 1210 1234 versionem
1224 1171 1385 1254 syriacam
1400 1171 1581 1254 perinanicc

286 1273 451 1339 transtulit
471 1272 601 1350 Roobe,
637 1273 731 1337 Teate
759 1272 827 1337 und
854 1271 1130 1356 Untorsucliunpon
1150 1293 1208 1338 rur
1229 1271 1413 1338 Gesotielete
1443 1273 1498 1338 der
1522 1273 1582 1338 alt-

289 1375 490 1442 eteristticlien
519 1376 700 1440 In'tterotur
723 1374 790 1440 IX.
831 1375 886 1440 Eoo
916 1375 1057 1440 versione
1088 1377 1217 1459 syriaco
1246 1376 1300 1460 (ot.
1330 1375 1445 1441 Reate
1468 1398 1504 1458 p.
1527 1376 1583 1458 25)

289 1483 424 1563 apparet
454 1479 691 1560 rimoriptioueni
724 1478 890 1562 apolopioe
921 1477 1003 1542 tane
1037 1479 1105 1560 tere
1135 1479 1251 1560 fuisse:
1284 1480 1476 1564 αὐτοκράτορι
1504 1477 1583 1565 Τίτῳ

289 1581 430 1669 Ἀδριανῷ
453 1579 614 1666 diutarium
630 1581 773 1670 Σεβαστῷ
790 1580 918 1668 Εὐσεβεῖ
936 1580 1110 1668 Μαρκιανὸς
1133 1579 1305 1668 Ἀριστείδης
1328 1578 1481 1667 Ἀθηναῖος
1503 1581 1585 1668 pat-

290 1709 398 1771 σσφσςς
429 1686 534 1749 niinus
562 1689 710 1750 accurate
740 1685 772 1748 in
800 1686 941 1750 versione
971 1685 1154 1750 armeniano
1185 1685 1384 1767 ‘r'nnoerotori
1411 1683 1583 1750 Hadriano

179 1867 189 1878 ι
290 1787 447 1854 Uocsori'.
501 1787 587 1854 Vnde
617 1793 709 1870 patet
743 1787 912 1871 scriptores
944 1787 1133 1853 christianos
1165 1787 1360 1872 neplepeuter
1391 1788 1508 1853 tibrum
1541 1788 1585 1852 od

289 1891 385 1956 Piurn
411 1892 540 1956 rriissaun
560 1891 718 1956 rettulisse
741 1890 785 1956 ort
812 1890 850 1955 P.
873 1891 1002 1956 Aelium
1024 1890 1241 1956 Hadrianum.
1275 1927 1313 1938 -
1343 1891 1394 1956 Do
1422 1892 1583 1956 sententiis

289 1993 444 2058 Aristidis
467 1995 508 2076 ot.
532 1993 698 2071 Hamaet,
722 1993 888 2060 Lelerliucli
911 1994 966 2058 der
987 1992 1305 2076 Dopnoenposcloiclote
1326 1994 1367 2059 1⁸
1384 2016 1420 2077 p.
1438 1997 1503 2059 482
1517 2014 1582 2076 sqq.

220 2097 288 2162 860
310 2097 355 2162 M.
364 2095 505 2162 Aristius
517 2097 651 2161 Fuscus.
667 2094 866 2161 Praenomen
881 2101 968 2161 catat
984 2098 1016 2161 iu
1028 2096 1233 2178 inscriptione
1240 2096 1357 2161 Horat.
1371 2117 1469 2161 corni.
1479 2102 1508 2174 1,
1519 2101 1585 2174 22,“

292 2201 417 2264 Fuscus
428 2198 545 2266 Horat.
561 2219 658 2265 cornu
671 2205 700 2277 1,
712 2204 768 2274 22,
781 2204 810 2274 4,
827 2199 915 2281 epist.
932 2204 961 2275 1,
978 2204 1081 2276 19,1;
1102 2196 1246 2264 Aristius
1264 2199 1326 2264 iba.
1339 2219 1366 2264 o.
1379 2203 1437 2277 44;
1458 2199 1584 2263 Fuscus
1705 2197 1706 2200 ’

292 2301 431 2367 Aristius
452 2306 513 2366 sat.
530 2307 558 2379 1,
575 2307 604 2379 9,
622 2307 670 2366 91.
706 2302 839 2367 Amicus
862 2302 992 2367 Horatii
1016 2301 1131 2366 Horat.
1155 2305 1215 2366 sut.
1236 2308 1264 2377 1,
1283 2308 1312 2379 9,
1329 2307 1368 2367 61
1382 2321 1466 2384 sqq.,·
1487 2307 1516 2378 1,
1533 2306 1583 2378 19,

290 2410 340 2482 83,
370 2405 412 2469 ad
434 2427 531 2490 quem
553 2405 683 2490 scripsit
705 2425 832 2468 carmen
854 2410 883 2481 1,
898 2409 946 2471 22
968 2409 997 2469 et
1019 2403 1187 2488 epistularu
1209 2410 1305 2480 1,10.
1344 2405 1585 2472 Grammaticus

291 2508 377 2573 Acro
400 2507 444 2572 ad
465 2509 554 2590 epist.
575 2513 604 2585 1,
620 2513 708 2584 19,1
731 2505 790 2586 (ΙΙ
800 2531 837 2590 p.
851 2513 917 2573 421
939 2507 996 2589 Η.)
1020 2513 1049 2572 et
1071 2507 1115 2571 ad
1134 2513 1194 2574 sat.
1219 2512 1247 2574 1.
1266 2512 1295 2584 9,
1312 2513 1372 2584 92,
1404 2505 1584 2590 Porphprio

291 2610 334 2674 orl
348 2615 408 2675 sat.
422 2615 450 2688 1,
464 2615 493 2686 9,
505 2617 564 2688 99,
580 2611 718 2696 scriptor
729 2609 969 2674 comoediarum
982 2608 1161 2692 Porphprio
1177 2609 1222 2674 art
1232 2610 1321 2692 epist.
1336 2614 1364 2686 1,
1378 2614 1428 2686 19,
1446 2610 1585 2695 scriptor

291 2713 530 2796 tragoediarum
547 2713 666 2777 codices
681 2712 810 2795 quidam
825 2712 963 2778 floronis
987 2711 1030 2776 acl
1051 2713 1140 2794 epist.
1157 2717 1186 2788 1,
1206 2717 1252 2776 19.
1287 2715 1375 2794 Quae
1391 2713 1497 2777 orunia
1511 2717 1585 2776 sunt

289 2816 367 2900 fidoi
388 2817 535 2880 incertae.
1359 2893 1361 2898 Ι

220 2921 283 2984 861
310 2918 429 3002 Aristo,
453 2917 579 3004 lepidus
603 2916 821 3003 philosophus,
846 2920 901 3003 qui
925 2920 958 2983 in
979 2920 1160 3001 gestatione
1186 2917 1374 3001 disserebat,
1406 2916 1468 2982 hoc
1498 2919 1583 2983 enim

287 3023 329 3087 ad
351 3021 493 3088 edendas
516 3044 630 3108 operas
654 3031 779 3106 tempus
802 3031 950 3106 ceperat,
974 3021 1014 3086 dc
1037 3023 1130 3086 cuius
1153 3029 1336 3084 saetacum
1359 3031 1579 3106 quaereretur,

287 3126 431 3191 Scaurus
460 3126 506 3190 ait
529 3126 654 3210 ‘utiquc
677 3125 912 3209 Peripateticus
944 3147 1007 3188 nou
1038 3133 1117 3205 ast,
1149 3122 1190 3187 de
1219 3123 1333 3188 eodem
1363 3145 1436 3186 cum
1467 3145 1581 3188 consu·

287 3227 407 3293 leretur
428 3227 531 3292 Iulius
555 3228 753 3310 Graecinus,
784 3228 836 3291 vir
857 3229 1022 3310 egregius,
1055 3227 1134 3312 quid
1164 3227 1313 3308 sentiret,
1340 3237 1415 3290 ‘non
1439 3248 1580 3311 possum,

287 3331 401 3416 inquit,
425 3331 483 3395 tibi
507 3329 624 3412 dicere,
655 3331 763 3394 nescio
788 3331 883 3412 enim,
915 3329 993 3415 quid
1016 3329 1057 3392 de
1078 3329 1183 3412 gradu
1202 3329 1323 3412 faciat',
1350 3338 1514 3415 tamquam
1538 3329 1580 3393 de

288 3433 449 3498 essedario
466 3436 721 3515 interrogaretur
736 3433 857 3498 Sorano
872 3435 961 3516 epist.
977 3438 1030 3510 29,
1048 3439 1076 3498 9.
1118 3432 1197 3498 Graiu
1212 3432 1422 3516 (lilarucrous)
1438 3433 1582 3498 Scaurus

286 3537 341 3620 (ct.
356 3536 389 3600 A
403 3537 481 3618 289)
502 3557 523 3600 a
542 3536 668 3600 Tiberio
684 3557 714 3600 a.
729 3541 774 3602 32
793 3537 911 3601 occisus
932 3538 984 3614 sit,
1006 3536 1186 3602 Graecinus
1200 3537 1254 3621 (ct.
1270 3536 1295 3601 Ι
1304 3536 1381 3617 231)
1404 3559 1425 3600 o
1446 3536 1480 3603 C.
1502 3535 1581 3601 Cae-

286 3659 369 3716 sare,
393 3639 532 3722 officitur
556 3639 639 3704 huno
660 3639 843 3704 Aristoruru
865 3640 964 3721 fuisso
979 3639 1204 3722 plu'losopliurn
1232 3638 1492 3721 Peripateticum,
1526 3641 1582 3720 qui

286 3742 408 3807 Itoniae
424 3746 527 3806 aetolo
547 3742 667 3807 Tiberii
680 3742 794 3807 (toarcii.
825 3743 971 3807 Erenrtern
985 3743 1157 3808 remittoruri
1173 3743 1322 3824 opinatur
1338 3741 1452 3818 Zellor,
1469 3741 1581 3806 Plu'lo-

286 3844 395 3927 sopliie
425 3843 481 3909 der
508 3843 666 3910 Griecheu
688 3846 747 3909 11³
770 3853 794 3911 2
817 3868 853 3928 p.
874 3850 938 3912 929
967 3845 1040 3913 adn.
1070 3851 1091 3910 3
1119 3847 1154 3909 in
1181 3844 1309 3909 scholiis
1342 3843 1503 3926 Simplicii
1536 3845 1580 3908 od

291 3947 363 4012 Cat.
380 3947 443 4012 639
467 3953 517 4024 19,
542 3953 611 4012 ooo
632 3952 683 4012 38.

234 4089 279 4099 ·-
313 4060 509 4114 CAECILIVS
532 4059 677 4115 ARISTO.

233 4193 278 4202 -
311 4151 465 4219 Claudius
489 4153 609 4218 Aristo.

232 4295 276 4305 —
309 4265 432 4320 TITIVS
452 4265 597 4323 ARISTO.

233 4399 278 4407 —
311 4359 490 4424 Tussanius
512 4359 633 4424 Aristo.

221 4465 287 4530 862
311 4460 526 4542 Aristobulus,
554 4461 696 4526 Herodis
727 4470 759 4524 et
781 4461 987 4524 Mariammes
1015 4461 1130 4546 prioris
1163 4461 1258 4543 tilius,
1282 4459 1460 4524 Alexandri
1483 4459 1583 4524 frater

290 4567 330 4647 σ).
347 4563 496 4640 Soliitren
518 4563 702 4629 Gcscln'eloto
718 4563 770 4626 des
780 4563 948 4646 jiidisclieu
968 4563 1077 4628 Vollccs
1091 4565 1117 4627 I
1125 4586 1161 4646 p.
1176 4569 1238 4627 337
1252 4585 1315 4644 sqq.
1356 4563 1452 4628 Circa
1474 4584 1505 4626 a.
1524 4568 1581 4627 731

289 4697 332 4722 ==
346 4673 390 4734 23
412 4666 559 4732 Herodes
582 4667 849 4731 f1·atr·esRomam
872 4669 960 4731 misit
974 4666 1099 4749 Iosoplo.
1121 4671 1187 4733 ont.
1211 4671 1379 4744 15,10,1,·
1402 4675 1475 4751 post
1489 4667 1581 4752 quin-

289 4771 467 4857 quennium
490 4769 558 4834 fere
581 4771 614 4834 in
637 4770 774 4855 patriam
798 4768 927 4833 reduxit
949 4779 981 4833 et
1003 4767 1191 4834 Aristobulo
1207 4770 1386 4833 Berenicen
1410 4767 1581 4835 Costobari

288 4883 321 4939 et
343 4871 488 4940 Salamas
509 4867 651 4936 Herodis
674 4875 794 4936 sororis
817 4871 917 4936 tiliam
939 4873 974 4935 in
997 4873 1239 4936 matrimonium
1262 4871 1353 4935 dedit
1374 4871 1416 4936 to.
1442 4877 1507 4936 ant.
1531 4877 1580 4948 19,

288 4984 319 5054 1,
342 4981 366 5042 2
388 4976 429 5057 of.
454 4979 504 5052 18,
530 4983 558 5052 9,
582 4981 610 5041 4.
649 4973 838 5058 Calumniis,
870 4998 950 5061 quas
973 4974 1101 5040 Salome
1128 4985 1241 5039 eontra
1270 4973 1352 5038 tilios
1375 4973 1581 5040 Mariammes
