3758 5628
310 479 368 541 621
407 484 513 542 ...VS
538 483 777 538 OLAVDIANVS
802 477 912 557 posuit
937 480 957 541 t.
981 473 1108 539 Xanthi
1127 476 1163 540 in
1184 477 1287 559 Lucio
1307 481 1465 559 repertum
1487 475 1664 556 Benndorl,

374 579 490 642 Reisen
506 579 540 642 in
555 578 673 660 Lysian
687 576 755 642 und
769 578 897 642 Karion
913 600 948 660 ρ.
961 582 1005 642 92
1020 599 1051 642 n.
1065 582 1104 642 76
1119 577 1163 660 (1)
1187 581 1228 660 ef.
1250 579 1435 662 Noolttritue
1450 584 1525 662 post
1541 601 1577 661 ρ.
1590 583 1665 655 156‚·

376 680 456 745 idone
482 680 653 744 nrenzorari
673 680 796 744 uidetur
817 682 851 744 in
872 681 1052 763 fraanento
1075 683 1095 743 t.
1119 679 1236 746 ibidem
1257 684 1376 765 renuenti
1402 705 1433 746 n.
1454 687 1492 746 74
1515 683 1559 764 (2)
1581 701 1608 744 o.
1629 684 1666 744 5:

375 781 596 867 [Klaluduorod.

439 911 534 956 ...ος
557 884 869 956 Kassandreia
899 889 1002 970 ἱππικῇ
1030 887 1109 958 τάξει
1139 889 1235 974 ἀρχὰς
1258 889 1385 954 διελθὼν
1410 887 1498 972 μέχρι
1520 889 1665 972 ἐπιτροπι-

374 1017 391 1054 κ
401 1037 490 1054 .....
514 996 630 1074 πρῶτος
652 991 842 1075 σονκλητικὸς
871 989 1030 1075 γενόμενος
1055 997 1106 1054 τοῦ
1131 993 1226 1078 δήμου
1249 998 1308 1056 τῶν
1332 988 1493 1074 Ῥωμαίων
1524 992 1571 1054 καὶ
1601 1013 1667 1074 πρε-

376 1095 500 1180 σβευτὴς
521 1094 747 1178 ἀντιστράτηγος
765 1094 934 1177 ἐπαρχειῶν
957 1089 1073 1176 Ἀχαίας
1088 1096 1136 1158 καὶ
1153 1091 1246 1164 Ἀσίας
1269 1141 1341 1158 ....
1364 1099 1505 1178 λεγιῶνας
1528 1093 1667 1177 δευτέρας

374 1195 520 1282 Τραιανῆς
542 1197 664 1280 ἰσχυρᾶς
686 1197 733 1259 καὶ
756 1195 925 1265 ἀνθύπατος
941 1193 1129 1266 Μακεδονίας
1150 1201 1189 1281 τῇ
1210 1199 1324 1281 πατρίδι
1341 1248 1347 1262 .
1362 1247 1390 1262 ..
1415 1196 1462 1262 tit.
1478 1200 1507 1260 1.
1524 1235 1562 1244 -
1579 1195 1667 1275 ῼααα

373 1299 470 1362 verbo
493 1302 565 1360 ante
588 1304 704 1382 πρῶτος
719 1297 885 1379 preeunt,
910 1297 992 1378 quod
1011 1298 1094 1362 nude
1109 1301 1249 1381 positum
1272 1299 1356 1379 furi
1375 1299 1492 1380 annuit,
1514 1319 1577 1362 nou
1595 1317 1666 1361 οοο-

373 1406 445 1477 stat,
474 1421 665 1482 quarnuuarn
696 1400 849 1464 sententio
876 1401 930 1463 rin
959 1400 1058 1464 dubia
1087 1407 1131 1465 est
1157 1401 1375 1466 Claudianum
1398 1401 1541 1483 purarum
1566 1400 1667 1482 quetis

372 1523 449 1566 suae
478 1503 513 1566 r'n
541 1501 682 1566 ordinem
712 1501 940 1584 orrmlissimunr
968 1503 1124 1567 adlectrnn
1154 1524 1228 1568 esse.
1273 1504 1354 1568 Item
1376 1503 1542 1567 dubitatur
1564 1501 1600 1566 de
1625 1503 1667 1566 iis

373 1626 453 1686 quae
476 1609 548 1669 arete
571 1603 743 1690 [λεγεῶνρς
766 1605 904 1690 δευτέρας
926 1603 1073 1690 Τραιανῆς
1094 1606 1224 1687 fuerint.
1272 1605 1359 1670 Narn
1381 1603 1464 1686 qnod
1481 1603 1517 1672 0.
1533 1603 1667 1670 Hirsels-

373 1707 440 1788 fold
467 1707 665 1790 suppleverat
695 1705 780 1790 [noll.
810 1707 858 1770 ita
884 1712 920 1772 ut
945 1707 1149 1772 Claudianus
1178 1714 1256 1773 esset
1286 1708 1406 1791 loqutus
1430 1729 1494 1791 pro
1518 1713 1668 1790 praetore

370 1809 609 1893 prouinciarum
630 1808 775 1873 Achaiae
797 1814 827 1873 et
847 1809 957 1886 Asr'ae,
981 1811 1054 1872 item
1077 1809 1208 1892 leaioni's
1230 1810 1275 1874 ΙΙ
1297 1810 1468 1888 Traianae,
1491 1810 1667 1874 Monrnrseu

374 1911 588 1976 contradixit
611 1911 760 1992 leyionun
782 1911 872 1976 illrnn
894 1933 1014 1995 sanarer
1036 1914 1071 1976 iu
1092 1913 1236 1996 Aeqypto
1266 1913 1430 1978 tetendisse
1460 1914 1547 1995 en'euo
1569 1935 1667 1996 prae-

374 2014 472 2094 fuisse
494 2015 696 2096 praefectum
726 2014 847 2079 ordinis
869 2016 1028 2096 equestres.
1073 2015 1187 2098 Itaque
1208 2015 1345 2080 saedere
1366 2015 1482 2080 inoluit
1503 2016 1667 2103 [ἔπαρχος].

373 2116 420 2180 At
434 2116 520 2180 credi
533 2117 587 2180 run
597 2121 703 2198 potest
716 2118 751 2180 in
766 2116 823 2181 leoo
839 2118 939 2194 titulo,
955 2119 1011 2198 qni
1028 2138 1160 2182 munera
1182 2119 1347 2198 equestria,
1370 2123 1478 2200 utpote
1499 2119 1666 2200 iuferiora,

373 2219 512 2284 oornnlto
535 2239 598 2284 non
620 2223 798 2296 enumerat,
821 2221 856 2285 iu
877 2220 989 2284 mediis
1009 2220 1182 2286 honoribus
1202 2222 1373 2284 senatoriis
1394 2241 1507 2286 annuus
1528 2225 1668 2303 equestre

375 2325 526 2386 insertum
542 2342 615 2399 esse,
638 2323 686 2386 ita
707 2327 743 2386 ut
765 2343 875 2386 aaran
896 2323 1050 2387 loonorurn
1064 2322 1165 2406 plane
1187 2323 1336 2405 confusus
1357 2329 1444 2388 esset.
1478 2324 1580 2388 Irnrno
1601 2325 1670 2386 ueri

373 2423 495 2488 uidetur
516 2425 652 2488 siradius
673 2427 772 2507 fuisse
793 2425 875 2508 laud,
907 2427 970 2490 sive
988 2426 1140 2507 poninus
1161 2425 1311 2508 tunionem
1333 2425 1423 2490 illane
1440 2447 1501 2509 per
1523 2425 1669 2508 aliquau-

374 2531 439 2590 tune
469 2528 616 2609 toruioris
645 2531 736 2591 entra
757 2527 935 2611 Aoyypturrt
967 2534 1074 2592 eastra
1102 2527 1250 2592 habuisse
1271 2529 1337 2592 sive
1359 2527 1485 2592 titulum
1508 2530 1670 2612 pertinere

375 2628 418 2691 ad
440 2628 693 2704 illamentatum,
720 2630 777 2694 abi
799 2630 839 2694 ab
863 2631 995 2712 irnperio
1016 2631 1083 2712 fere
1104 2629 1288 2713 Elaaoboli
1309 2631 1364 2714 (es.
1386 2629 1484 2695 ueluti
1505 2631 1556 2696 VI
1570 2635 1667 2717 3839)

374 2731 589 2796 distinctiones
622 2754 785 2796 munuum
819 2735 1006 2814 omrestrirnn
1035 2738 1064 2796 et
1092 2732 1245 2797 honorum
1273 2733 1395 2797 ordinis
1423 2735 1578 2798 seruator-ii
1604 2755 1670 2798 nou

373 2833 477 2899 eodem
504 2836 608 2916 liuore
630 2855 689 2916 quo
713 2841 807 2900 antea
831 2835 1080 2900 observabantur
1102 2840 1131 2898 et
1154 2836 1316 2917 praelecti
1332 2837 1498 2918 praetorio
1520 2838 1583 2900 oiri
1603 2835 1670 2901 ola-

372 2937 493 3001 rissirui
512 2959 576 3002 non
598 2938 691 3003 serreel
712 2939 921 3002 inueniuntur.

438 3041 516 3105 Fuit
538 3061 614 3124 ergo
638 3040 838 3106 Claudianus
864 3043 988 3124 origine
1011 3039 1192 3124 Xanthius,
1222 3039 1345 3106 ordinis
1376 3041 1551 3127 equestris3
1581 3053 1670 3126 post-

373 3165 472 3229 quam
494 3143 534 3207 ad
558 3165 695 3208 munera
716 3145 941 3229 procuratoris
962 3146 1126 3229 pervenit,
1158 3146 1192 3208 in
1223 3143 1369 3208 ordinem
1392 3145 1588 3209 senatorium
1612 3144 1670 3208 ad-

375 3245 476 3309 lectus
499 3245 623 3328 legatus
647 3269 694 3332 pr.
718 3269 766 3332 pr.
789 3247 1031 3332 provinciarum
1047 3245 1192 3312 Achaiae
1206 3256 1239 3308 et
1253 3246 1360 3328 Asiae,
1384 3247 1462 3310 item
1484 3244 1620 3328 legionis
1636 3246 1669 3311 II

374 3349 543 3430 Traianae,
572 3348 689 3413 deinde
711 3347 884 3433 proeousul
907 3348 1118 3414 Macedoniae
1140 3347 1211 3414 fuit.

320 3487 363 3496 -
396 3449 539 3515 Asellius
561 3450 771 3516 Claudianus.

323 3590 362 3600 -
397 3562 602 3618 CARMINIVS
626 3562 875 3617 CLAVDIANVS.

321 3693 363 3702 -
397 3655 582 3721 Carminius
605 3654 816 3724 Claudianus.

241 3747 245 3756 '
324 3795 361 3803 —
397 3759 609 3840 onmvnuvs)
633 3767 857 3823 annuamus
881 3766 1130 3824 cuavnmuvs

321 3897 363 3907 -
395 3869 466 3928 TIB.
491 3870 675 3926 CLAVDIVS
699 3870 947 3926 CLAVDIANVS.

320 4000 362 4009 —
396 3964 584 4045 Fumvlvs)
607 3973 830 4028 ARCHELAVS
854 3972 1101 4028 CLAVDIANVS.

322 4103 362 4112 -
396 4075 428 4130 T.
452 4076 611 4130 FLAVIVS
636 4076 858 4132 ARCHELAVS
882 4075 1131 4131 CLAVDIANVS.

321 4207 363 4215 -—
396 4178 428 4235 T.
451 4177 611 4232 FLAVIVS
632 4178 879 4233 CLAVDIANVS.

321 4309 363 4317 -
395 4281 427 4334 T.
453 4273 640 4354 Flusvws)
663 4281 849 4336 CLAVDIVS
873 4281 1121 4338 CLAVDIANVS.

322 4411 363 4419 —-
397 4373 440 4440 M.
464 4373 610 4459 le(ius)
634 4375 819 4439 Carminius
840 4373 1050 4440 Claudianus.

321 4515 363 4523 —
396 4486 501 4539 IVNlA
522 4487 746 4542 CLAVDILLA.

310 4581 373 4644 622
397 4588 583 4642 CLAVDIVS
612 4581 646 4644 in
676 4579 822 4662 aedificio
853 4579 959 4662 aliquo
990 4578 1078 4662 ultae
1106 4583 1247 4644 eatrueto
1277 4583 1297 4642 t.
1320 4579 1462 4644 uersibus
1486 4583 1668 4660 eorneptnrn

375 4683 538 4764 inscripsit
565 4681 601 4746 X
628 4687 712 4746 1688
746 4682 996 4765 Neapolitanum
1027 4682 1107 4767 ‘[qui
1142 4681 1231 4745 dedit
1264 4681 1466 4764 Aleneadum
1499 4680 1590 4746 fastis
1625 4701 1669 4744 ex

377 4785 489 4850 ordine
519 4785 632 4850 consul
662 4785 831 4868 [nomina],
862 4787 1032 4871 progenies
1056 4784 1212 4850 Claudius
1234 4782 1438 4869 Appiadum,
1463 4783 1552 4867 [al]ta
1574 4782 1667 4850 Sabi-

374 4887 471 4954 nillae
498 4887 554 4953 dat
579 4886 666 4955 dulei
694 4889 823 4955 moenia
852 4897 948 4953 natae
978 4910 1143 4953 ...anus
1172 4887 1311 4971 genitor'
1337 4892 1393 4952 ete.
1438 4886 1493 4952 Aa
1514 4887 1662 4970 Appium
