3818 5620
338 397 555 454 ANTIPATER
991 385 1034 450 84
1495 391 1691 448 ANTISTIVS

403 596 491 660 circa
523 617 552 662 a.
576 593 639 659 740
660 623 702 647 =
726 594 767 658 14
796 615 825 657 a.
848 589 885 656 O.
919 589 961 655 ad
993 589 1101 656 aulam
1136 592 1302 656 revocavit
1334 600 1366 657 et
1398 613 1482 658 anno
1511 589 1693 676 insequenti

404 697 458 780 (cs.
482 695 631 774 Scletrer,
667 692 851 761 Gescleicltte
880 693 934 758 das
962 692 1138 758 Jndtsenea
1168 693 1278 759 Valles
1294 715 1331 776 p.
1352 699 1414 759 303
1435 697 1513 779 sqq.)
1543 697 1693 760 comitem

403 797 448 865 Μ.
472 799 639 885 Agrippae
661 820 704 862 ex
732 797 855 861 oriente
877 796 1013 860 Romam
1042 796 1234 860 revertentis
1261 795 1304 860 ad
1326 793 1512 880 Augustum
1540 797 1628 861 misit
1649 795 1692 862 id.

404 906 469 967 ont.
485 906 533 986 16,
549 905 579 978 3,
594 905 624 978 3,
647 900 717 968 bell.
734 905 762 977 1,
777 903 830 977 23,
847 904 926 965 1-2.
964 897 1046 963 Cum
1068 897 1215 963 Herodes
1237 922 1267 964 a.
1285 899 1347 964 742
1362 928 1404 952 =
1424 901 1465 966 12
1486 922 1516 964 a.
1532 898 1569 966 0.
1591 896 1694 986 Aqui·

404 1002 486 1069 leiae
506 1004 647 1088 Augusti
678 1025 777 1089 opera
803 1023 876 1066 curn
898 1000 1087 1066 Alexandro
1117 1012 1150 1066 et
1171 999 1358 1067 Aristobulo
1385 999 1458 1066 filiis
1487 1001 1693 1068 Mariammes

406 1106 631 1172 reconciliatus
654 1105 785 1172 domum
808 1104 943 1188 rediret,
966 1102 1141 1190 Antipater
1169 1113 1202 1169 et
1230 1105 1299 1190 ipse
1325 1105 1358 1169 in
1382 1105 1538 1170 Iudaeam
1560 1106 1695 1170 revertit

403 1209 447 1275 id.
472 1214 538 1275 ont.
560 1214 609 1287 16,
631 1215 660 1286 4,
682 1212 711 1276 5.
756 1207 905 1274 Discidia
932 1209 1018 1272 inter
1047 1216 1172 1294 petrem
1197 1206 1345 1294 filiosque
1367 1207 1536 1272 calumniis
1557 1229 1695 1274 summo

403 1333 479 1397 pere
509 1313 603 1377 suxit
630 1320 808 1397 auctorque
836 1309 899 1375 fuit
927 1308 1068 1393 Herodi,
1100 1319 1136 1374 ut
1163 1307 1388 1375 Alexandrum
1417 1321 1450 1375 et
1471 1309 1695 1376 Aristobulum

405 1414 601 1479 interficeret
614 1414 659 1478 id.
676 1417 806 1490 ant16,
825 1417 852 1490 7,
869 1417 974 1494 2391,
991 1411 1290 1495 tett1,2r,1sqq.‚
1309 1412 1464 1478 M'colans
1475 1411 1696 1478 Damascenns

403 1517 445 1600 fr.
468 1521 489 1583 5
512 1516 562 1584 M.
584 1517 650 1581 ΙΙΙ
659 1538 696 1599 p.
712 1519 782 1582 351.
826 1515 905 1580 Post
927 1537 1040 1580 necem
1062 1537 1173 1580 eorum
1197 1515 1294 1595 (anno
1314 1517 1383 1599 fere
1406 1521 1466 1580 747
1487 1545 1529 1570 =
1552 1521 1623 1584 7o.
1644 1515 1694 1596 Ο.)

404 1641 530 1685 summa
550 1621 695 1706 potentia
716 1621 750 1684 in
773 1616 850 1684 aula
870 1629 902 1684 st
924 1639 1049 1684 summa
1070 1619 1171 1705 patris
1191 1620 1297 1702 gratia
1319 1640 1396 1684 usus
1417 1628 1541 1684 secreta
1561 1617 1695 1684 consilia

404 1722 445 1787 de
475 1725 678 1788 successione
707 1744 782 1787 curn
804 1720 949 1787 Pherora
980 1721 1080 1786 fratre
1101 1721 1242 1787 Herodis
1271 1723 1345 1787 iniit
1373 1721 1416 1786 id.
1444 1726 1696 1801 ant.17,1,1;

405 1829 454 1902 17,
477 1829 510 1902 2,
533 1830 563 1902 4,
596 1823 803 1902 0170123·
832 1828 861 1901 1,
884 1828 937 1900 29,
961 1829 990 1892 1.
1042 1822 1170 1904 Quibus
1200 1822 1335 1889 detectis
1369 1825 1504 1889 Romam
1537 1828 1696 1892 concessit

404 1927 449 1992 id.
474 1932 538 1995 ont.
560 1932 611 2004 17,
634 1931 663 2004 3,
685 1931 718 2004 2,
750 1925 819 1992 bell.
842 1931 871 2004 1,
894 1930 947 2003 29,
970 1931 1001 1992 2.
1057 1927 1146 1990 Dum
1179 1924 1225 1990 ibi
1259 1935 1418 2010 moratur,
1453 1936 1527 2012 post
1558 1937 1692 1992 mortem

405 2030 569 2095 Pherorae
592 2029 720 2095 indiciis
743 2029 931 2094 libertorum
954 2050 1187 2116 servarumque
1213 2031 1282 2094 eius
1311 2029 1398 2116 apud
1423 2028 1586 2094 Herodem
1608 2027 1693 2094 dela-

404 2141 455 2196 tus
473 2143 523 2196 est
537 2131 671 2196 insidias
688 2133 771 2218 patri
787 2133 944 2196 struxisse
958 2131 1000 2197 id.
1016 2137 1082 2196 ont.
1098 2137 1146 2209 17,
1162 2135 1192 2208 3,
1207 2136 1312 2209 4-4,
1328 2135 1358 2208 3,
1376 2131 1445 2199 bell.
1461 2136 1491 2208 1,
1503 2137 1545 2197 30
1558 2137 1651 2210 -31,
1663 2137 1694 2196 1.

404 2235 554 2301 Herodes
570 2236 619 2300 ira
633 2234 835 2301 dissimulata
850 2257 909 2321 per
923 2236 1061 2321 speciem
1081 2236 1242 2300 amicitiae
1265 2257 1338 2300 eum
1361 2237 1393 2299 in
1417 2237 1555 2321 patriam
1577 2236 1694 2299 reverti

405 2338 499 2402 iussit
527 2358 760 2425 reversumque
783 2337 1019 2423 Hierosolymis
1042 2338 1129 2426 apud
1152 2336 1337 2421 consilium,
1362 2339 1415 2402 cui
1438 2340 1475 2406 P.
1499 2337 1696 2420 Quinctilius

405 2440 514 2506 Varus
536 2439 662 2524 legatus
684 2441 800 2527 Syriae
824 2441 970 2506 interfuit
977 2493 985 2525 ,
1011 2439 1072 2506 sibi
1095 2441 1229 2506 insidias
1251 2463 1382 2526 parasse
1404 2441 1604 2506 insimulavit
1624 2463 1695 2527 pro-

402 2542 575 2628 bavitque,
606 2543 682 2609 dein
704 2542 912 2630 Antipatrum
943 2545 976 2608 in
998 2543 1132 2609 vincula
1160 2545 1298 2609 coniecit
1325 2543 1419 2608 etde
1442 2544 1540 2609 rebus
1562 2545 1631 2608 eius
1653 2541 1696 2608 ad

405 2644 590 2728 Augustum
606 2645 730 2711 rettulit
746 2645 789 2727 (a.
808 2651 866 2711 749
881 2677 922 2700 =
937 2651 958 2711 5
973 2669 1003 2712 o.
1021 2645 1070 2732 0.)
1084 2646 1129 2712 id.
1146 2651 1211 2714 ant.
1224 2651 1274 2725 17,
1288 2650 1319 2723 5,
1336 2652 1410 2724 1-7,
1427 2646 1497 2711 bell.
1514 2653 1542 2724 1,
1554 2651 1607 2724 32,
1618 2649 1695 2724 3-5,
1798 2675 1799 2678 “

407 2747 564 2814 Nicotaus
585 2747 737 2814 Damaso.
754 2770 791 2832 p.
806 2753 879 2816 352.
924 2750 991 2831 Qui
1020 2772 1095 2815 cum
1117 2749 1242 2814 Herodi
1272 2747 1411 2814 liberum
1433 2748 1603 2814 arbitrium
1625 2771 1695 2836 per-

404 2852 558 2936 misisset,
594 2851 769 2938 Antipater
808 2853 919 2938 paucis
952 2852 1067 2918 diebus
1099 2862 1174 2918 ante
1207 2874 1305 2937 quam
1337 2851 1484 2917 Herodes
1517 2861 1696 2918 moreretur

405 2954 449 3039 (o.
470 2959 531 3020 750
553 2984 595 3010 =
616 2961 636 3020 4
660 2977 690 3024 α.
711 2954 770 3040 0.),
792 2955 980 3020 interfectus
1003 2965 1052 3019 est
1073 2955 1117 3020 id.
1140 2959 1206 3022 ont.
1223 2961 1273 3032 17,
1291 2961 1318 3032 7,
1343 2955 1413 3020 bell.
1434 2960 1462 3032 1,
1478 2959 1527 3033 33,
1544 2961 1574 3032 7,
1599 2954 1696 3021 Nito-

406 3057 477 3124 tas
498 3057 650 3124 Damaso.
668 3081 704 3141 p.
720 3063 789 3126 353.

350 3195 394 3206 —
426 3159 465 3225 T.
488 3158 600 3226 Aelius
621 3161 805 3247 Antipater.

353 3301 391 3308 --
427 3260 541 3329 Gallus
564 3261 746 3349 Antipater.

350 3401 394 3409 —
428 3373 626 3429 SEPTIMIVS
648 3374 874 3433 ANTIPATER.

352 3503 395 3512 -
428 3475 628 3532 GARGILIVS
651 3476 849 3544 ANTIQVVS.

352 3605 395 3614 ——
427 3577 718 3652 mpvnnsfflrtvs
742 3579 942 3634 GARGILIVS
965 3581 1162 3650 ANTIQVVS.

353 3709 396 3717 -
429 3671 535 3736 Nouia
556 3672 730 3738 Antist...

311 3800 317 3810 ·
353 3811 395 3819 -
428 3783 461 3838 Τ.
485 3784 696 3839 POMPONIVS
718 3775 1002 3859 AN[TI]STIANVS.

357 3914 396 3922 -
431 3885 462 3941 Τ.
471 3876 516 3960 (V)
541 3886 739 3942 ...PONIVS
762 3887 1002 3943 MAMILIANVS
1025 3889 1146 3944 RVFVS
1161 3889 1410 3944 ANTISTIANVS
1433 3889 1695 3944 FVNISVLANVS

406 3988 682 4046 VETTONIANVS.

565 4081 643 4151 oens
655 4082 769 4138 Hitbner
782 4083 819 4138 od
833 4082 896 4138 C'IL
914 4081 974 4137 VII
986 4090 1036 4140 164
1054 4083 1230 4140 adnotaverat
1247 4101 1342 4140 namen
1358 4084 1453 4153 neratde
1469 4085 1567 4139 antisse
1583 4086 1614 4139 in
1631 4095 1695 4139 1011

480 4167 605 4234 selectu,
618 4168 650 4223 de
661 4179 725 4222 1011
738 4169 793 4224 iam
805 4175 918 4236 constat,
934 4175 1078 4238 postqnom
1091 4169 1125 4224 F.
1137 4171 1293 4240 Horerfield
1307 4171 1470 4224 (leoninae
1488 4187 1506 4224 o
1525 4187 1565 4223 nse
1585 4177 1696 4242 ropertus

480 4253 596 4322 lapident
608 4253 695 4308 denno
706 4255 870 4308 examinarit
882 4261 906 4310 et
917 4261 1038 4324 ectypnm
1054 4271 1218 4326 pypsacenm
1229 4257 1326 4325 opts'me
1343 4259 1489 4326 consedeant
1507 4257 1627 4313 emole
1643 4259 1696 4312 nne

480 4340 560 4392 arisit.
588 4339 687 4393 Prinna
705 4339 793 4394 lr'ttera
810 4341 962 4408 fadrein.
981 4342 1021 4393 erl
1038 4355 1071 4406 1.,
1090 4341 1175 4396 altera
1193 4343 1252 4396 item
1270 4354 1287 4395 1
1304 4343 1344 4394 rel
1361 4353 1386 4406 1,
1405 4343 1483 4396 tertio
1497 4343 1583 4410 plane
1599 4343 1695 4398 detrito

479 4429 524 4491 est,
550 4429 663 4492 areanae
685 4425 784 4492 apices,
810 4427 858 4492 qni
876 4425 1081 4494 dipnoscnnlnr,
1106 4443 1165 4480 cnm
1189 4439 1211 4481 11
1234 4433 1295 4494 apte
1311 4429 1482 4481 conminnt.
1519 4427 1614 4496 Itoquee
1633 4445 1696 4496 pro-

479 4509 602 4564 babiliter
614 4511 750 4564 restituere
767 4510 833 4563 mihi
851 4510 942 4566 rddeor·
961 4511 1009 4580 [1.]
1028 4511 1171 4582 [sospem
1188 4523 1249 4566 11.
1263 4523 1489 4566 0111111111111
1504 4519 1550 4567 etc.
1576 4513 1696 4568 Interes

479 4611 534 4648 esse
552 4595 654 4650 saraca*
670 4594 708 4648 II
722 4596 843 4649 exerentis
862 4597 1042 4650 consentimus
1061 4598 1108 4664 qni
1125 4595 1243 4651 vidimus
1261 4613 1359 4652 omens.

352 4717 396 4728 -
427 4681 899 4766 sva(sn1vs)snn1s[r1vs].

343 4786 406 4851 585
428 4782 590 4850 Antistius
599 4783 654 4868 (7),
678 4807 792 4850 servus
817 4787 1020 4872 imperatoris
1035 4784 1206 4852 Aureliani
1224 4797 1447 4873 postmortem
1464 4789 1533 4854 eius
1548 4812 1569 4853 a
1581 4799 1695 4855 senatu

407 4888 621 4953 manumissus
642 4888 696 4952 rn't.
719 4887 894 4954 Aserele'ane'
913 4893 964 4966 50,
979 4892 1010 4953 3.
1047 4887 1145 4954 Serae
1167 4889 1306 4955 Antistii
1323 4912 1436 4956 nomen
1457 4911 1521 4956 non
1544 4893 1694 4958 converit.

342 4991 405 5056 586
429 4989 470 5070 Q.
492 4988 654 5055 Antistius
675 4991 859 5056 nontinator
885 4992 921 5056 in
944 4992 1123 5074 frapmento
1146 4992 1233 5056 titali
1252 4993 1372 5058 arboni
1392 4993 1570 5059 Balleneno
1592 5015 1696 5060 omna·

405 5093 479 5158 nale
500 5092 601 5158 XIII
618 5093 724 5178 (1885)
741 5115 776 5177 p.
793 5099 834 5160 96
854 5115 885 5159 n.
901 5099 992 5158 1009.
