<?xml version="1.0" encoding="UTF-8"?>
<!DOCTYPE html PUBLIC "-//W3C//DTD XHTML 1.0 Transitional//EN"
    "http://www.w3.org/TR/xhtml1/DTD/xhtml1-transitional.dtd">
<html xmlns="http://www.w3.org/1999/xhtml" xml:lang="en" lang="en">
 <head>
  <title>
</title>
<meta http-equiv="Content-Type" content="text/html;charset=utf-8" />
  <meta name='ocr-system' content='tesseract 3.04.00' />
  <meta name='ocr-capabilities' content='ocr_page ocr_carea ocr_par ocr_line ocrx_word'/>
</head>
<body>
  <div class='ocr_page' id='page_1' title='image "./prosopographiai00dessgoog/prosopographiai00dessgoog_0375.png"; bbox 0 0 3758 5628; ppageno 0'>
   <div class='ocr_carea' id='block_1_1' title="bbox 210 339 1616 5037">
    <p class='ocr_par' dir='ltr' id='par_1_1' title="bbox 210 339 1616 5037">
     <span class='ocr_line' id='line_1_1' title="bbox 210 339 1563 409; baseline -0.004 0"><span class='ocrx_word' id='word_1_1' title='bbox 210 349 395 409; x_wconf 81' lang='lat' dir='ltr'><strong>cLAvnlvs</strong></span> <span class='ocrx_word' id='word_1_2' title='bbox 854 339 916 404; x_wconf 79' lang='grc'><strong>367</strong></span> <span class='ocrx_word' id='word_1_3' title='bbox 1378 347 1563 404; x_wconf 74' lang='lat' dir='ltr'>CLAVDIVS</span> 
     </span>
     <span class='ocr_line' id='line_1_2' title="bbox 271 533 1564 627; baseline -0.002 -15"><span class='ocrx_word' id='word_1_4' title='bbox 271 546 346 612; x_wconf 83' lang='lat' dir='ltr'><strong>dum</strong></span> <span class='ocrx_word' id='word_1_5' title='bbox 374 544 460 627; x_wconf 72' lang='lat' dir='ltr'><strong>salso</strong></span> <span class='ocrx_word' id='word_1_6' title='bbox 482 545 611 627; x_wconf 76' lang='grc' dir='ltr'>ρυίαοίί</span> <span class='ocrx_word' id='word_1_7' title='bbox 633 533 769 626; x_wconf 76' lang='lat' dir='ltr'><strong>propter</strong></span> <span class='ocrx_word' id='word_1_8' title='bbox 791 544 939 610; x_wconf 75' lang='lat' dir='ltr'><strong>Stretouii</strong></span> <span class='ocrx_word' id='word_1_9' title='bbox 965 545 1061 610; x_wconf 85' lang='lat' dir='ltr'><strong>uerbo</strong></span> <span class='ocrx_word' id='word_1_10' title='bbox 1089 545 1194 609; x_wconf 82' lang='lat' dir='ltr'><strong>miuus</strong></span> <span class='ocrx_word' id='word_1_11' title='bbox 1224 547 1378 608; x_wconf 82' lang='lat' dir='ltr'><strong>accurata</strong></span> <span class='ocrx_word' id='word_1_12' title='bbox 1405 543 1522 612; x_wconf 82' lang='lat' dir='ltr'><strong>Claud.</strong></span> <span class='ocrx_word' id='word_1_13' title='bbox 1544 550 1564 609; x_wconf 95' lang='lat'><strong><em>1</em></strong></span> 
     </span>
     <span class='ocr_line' id='line_1_3' title="bbox 274 646 1563 736; baseline 0 -22"><span class='ocrx_word' id='word_1_14' title='bbox 274 659 357 736; x_wconf 88' lang='lat' dir='ltr'><strong>‘post</strong></span> <span class='ocrx_word' id='word_1_15' title='bbox 373 657 558 734; x_wconf 88' lang='lat' dir='ltr'><strong>praeturam</strong></span> <span class='ocrx_word' id='word_1_16' title='bbox 574 646 743 712; x_wconf 74' lang='lat' dir='ltr'>confestim</span> <span class='ocrx_word' id='word_1_17' title='bbox 759 647 837 712; x_wconf 88' lang='lat' dir='ltr'><strong>inita</strong></span> <span class='ocrx_word' id='word_1_18' title='bbox 861 646 1031 713; x_wconf 81' lang='lat' dir='ltr'>consulatu</span> <span class='ocrx_word' id='word_1_19' title='bbox 1054 659 1151 732; x_wconf 88' lang='lat' dir='ltr'><strong>atque</strong></span> <span class='ocrx_word' id='word_1_20' title='bbox 1174 646 1380 733; x_wconf 79' lang='lat' dir='ltr'><strong>expeditione</strong></span> <span class='ocrx_word' id='word_1_21' title='bbox 1403 648 1563 732; x_wconf 86' lang='lat' dir='ltr'><strong>repetita‘.</strong></span> 
     </span>
     <span class='ocr_line' id='line_1_4' title="bbox 270 749 1562 834; baseline -0.005 -16"><span class='ocrx_word' id='word_1_22' title='bbox 270 753 341 819; x_wconf 88' lang='grc' dir='ltr'><strong>Ηου</strong></span> <span class='ocrx_word' id='word_1_23' title='bbox 363 753 430 833; x_wconf 81' lang='lat' dir='ltr'><strong>fere</strong></span> <span class='ocrx_word' id='word_1_24' title='bbox 453 755 588 834; x_wconf 75' lang='lat' dir='ltr'><strong>tempore</strong></span> <span class='ocrx_word' id='word_1_25' title='bbox 614 753 804 831; x_wconf 62' lang='lat' dir='ltr'><strong>aequuum</strong></span> <span class='ocrx_word' id='word_1_26' title='bbox 831 752 968 832; x_wconf 74' lang='lat' dir='ltr'><strong>accepu&#39;t;</strong></span> <span class='ocrx_word' id='word_1_27' title='bbox 989 770 1095 833; x_wconf 87' lang='lat' dir='ltr'><strong>augur</strong></span> <span class='ocrx_word' id='word_1_28' title='bbox 1113 755 1134 816; x_wconf 81' lang='lat' dir='ltr'><strong>t.</strong></span> <span class='ocrx_word' id='word_1_29' title='bbox 1152 755 1180 817; x_wconf 86' lang='grc'><strong>6.</strong></span> <span class='ocrx_word' id='word_1_30' title='bbox 1226 749 1398 814; x_wconf 88' lang='lat' dir='ltr'><strong>Octaviam</strong></span> <span class='ocrx_word' id='word_1_31' title='bbox 1420 769 1562 812; x_wconf 87' lang='lat' dir='ltr'><strong>sororem</strong></span> 
     </span>
     <span class='ocr_line' id='line_1_5' title="bbox 271 849 1565 940; baseline -0.002 -21"><span class='ocrx_word' id='word_1_32' title='bbox 271 855 409 940; x_wconf 76' lang='lat' dir='ltr'>Augusti</span> <span class='ocrx_word' id='word_1_33' title='bbox 433 853 651 919; x_wconf 74' lang='lat' dir='ltr'><strong>utla=11</strong></span> <span class='ocrx_word' id='word_1_34' title='bbox 672 851 857 917; x_wconf 80' lang='lat' dir='ltr'><strong>defunctam</strong></span> <span class='ocrx_word' id='word_1_35' title='bbox 880 874 938 938; x_wconf 91' lang='lat' dir='ltr'><strong>pro</strong></span> <span class='ocrx_word' id='word_1_36' title='bbox 963 855 1075 918; x_wconf 88' lang='lat' dir='ltr'><strong>rostris</strong></span> <span class='ocrx_word' id='word_1_37' title='bbox 1099 854 1244 918; x_wconf 88' lang='lat' dir='ltr'><strong>oratione</strong></span> <span class='ocrx_word' id='word_1_38' title='bbox 1266 849 1395 916; x_wconf 85' lang='lat' dir='ltr'><strong>funebri</strong></span> <span class='ocrx_word' id='word_1_39' title='bbox 1418 850 1565 917; x_wconf 87' lang='lat' dir='ltr'><strong>laudavit</strong></span> 
     </span>
     <span class='ocr_line' id='line_1_6' title="bbox 270 955 1563 1033; baseline -0.005 -9"><span class='ocrx_word' id='word_1_40' title='bbox 270 957 336 1026; x_wconf 78' lang='lat' dir='ltr'><strong>Dio</strong></span> <span class='ocrx_word' id='word_1_41' title='bbox 351 963 399 1033; x_wconf 87' lang='lat'><strong>54,</strong></span> <span class='ocrx_word' id='word_1_42' title='bbox 415 961 465 1022; x_wconf 84' lang='lat'><strong>35.</strong></span> <span class='ocrx_word' id='word_1_43' title='bbox 502 957 589 1022; x_wconf 85' lang='lat' dir='ltr'><strong>Vere</strong></span> <span class='ocrx_word' id='word_1_44' title='bbox 613 957 743 1020; x_wconf 89' lang='lat' dir='ltr'><strong>ineunte</strong></span> <span class='ocrx_word' id='word_1_45' title='bbox 766 979 794 1020; x_wconf 84' lang='lat' dir='ltr'><strong>a</strong></span> <span class='ocrx_word' id='word_1_46' title='bbox 812 956 873 1021; x_wconf 79' lang='lat'><strong>743</strong></span> <span class='ocrx_word' id='word_1_47' title='bbox 891 985 932 1009; x_wconf 87' lang='lat'>=</span> <span class='ocrx_word' id='word_1_48' title='bbox 952 958 986 1022; x_wconf 93' lang='lat' dir='ltr'><strong>ll</strong></span> <span class='ocrx_word' id='word_1_49' title='bbox 1004 955 1046 1021; x_wconf 90' lang='lat' dir='ltr'><strong>ad</strong></span> <span class='ocrx_word' id='word_1_50' title='bbox 1062 955 1187 1021; x_wconf 85' lang='lat' dir='ltr'><strong>Gallias</strong></span> <span class='ocrx_word' id='word_1_51' title='bbox 1211 977 1360 1020; x_wconf 85' lang='lat' dir='ltr'><strong>reversus</strong></span> <span class='ocrx_word' id='word_1_52' title='bbox 1382 956 1563 1020; x_wconf 82' lang='lat' dir='ltr'><strong>exercitum</strong></span> 
     </span>
     <span class='ocr_line' id='line_1_7' title="bbox 271 1056 1565 1142; baseline -0.002 -18"><span class='ocrx_word' id='word_1_53' title='bbox 271 1071 383 1126; x_wconf 88' lang='lat' dir='ltr'><strong>contra</strong></span> <span class='ocrx_word' id='word_1_54' title='bbox 401 1059 545 1142; x_wconf 79' lang='lat' dir='ltr'><strong>Chattos,</strong></span> <span class='ocrx_word' id='word_1_55' title='bbox 570 1058 764 1140; x_wconf 80' lang='lat' dir='ltr'><strong>Cheruscos,</strong></span> <span class='ocrx_word' id='word_1_56' title='bbox 787 1057 935 1124; x_wconf 78' lang='lat' dir='ltr'><strong>Chaucos</strong></span> <span class='ocrx_word' id='word_1_57' title='bbox 952 1057 1062 1138; x_wconf 82' lang='lat' dir='ltr'><strong>duxit3</strong></span> <span class='ocrx_word' id='word_1_58' title='bbox 1087 1079 1161 1124; x_wconf 89' lang='lat' dir='ltr'><strong>cum</strong></span> <span class='ocrx_word' id='word_1_59' title='bbox 1180 1060 1355 1124; x_wconf 85' lang='lat' dir='ltr'><strong>exercitum</strong></span> <span class='ocrx_word' id='word_1_60' title='bbox 1376 1058 1416 1122; x_wconf 91' lang='lat' dir='ltr'><strong>ad</strong></span> <span class='ocrx_word' id='word_1_61' title='bbox 1432 1056 1565 1122; x_wconf 88' lang='lat' dir='ltr'><strong>castella</strong></span> 
     </span>
     <span class='ocr_line' id='line_1_8' title="bbox 272 1157 1563 1247; baseline -0.004 -19"><span class='ocrx_word' id='word_1_62' title='bbox 272 1163 418 1229; x_wconf 89' lang='lat' dir='ltr'><strong>Romana</strong></span> <span class='ocrx_word' id='word_1_63' title='bbox 437 1161 616 1244; x_wconf 79' lang='lat' dir='ltr'><strong>reduceret,</strong></span> <span class='ocrx_word' id='word_1_64' title='bbox 633 1161 720 1247; x_wconf 92' lang='lat' dir='ltr'><strong>apud</strong></span> <span class='ocrx_word' id='word_1_65' title='bbox 735 1160 933 1226; x_wconf 80' lang='lat' dir='ltr'><strong>Arbalonem</strong></span> <span class='ocrx_word' id='word_1_66' title='bbox 957 1163 990 1225; x_wconf 91' lang='lat' dir='ltr'><strong>in</strong></span> <span class='ocrx_word' id='word_1_67' title='bbox 1013 1183 1171 1226; x_wconf 85' lang='lat' dir='ltr'><strong>summum</strong></span> <span class='ocrx_word' id='word_1_68' title='bbox 1190 1161 1362 1226; x_wconf 84' lang='lat' dir='ltr'><strong>discrimen</strong></span> <span class='ocrx_word' id='word_1_69' title='bbox 1384 1162 1483 1243; x_wconf 83' lang='lat' dir='ltr'><strong>venit,</strong></span> <span class='ocrx_word' id='word_1_70' title='bbox 1507 1157 1563 1224; x_wconf 89' lang='lat' dir='ltr'><strong>sed</strong></span> 
     </span>
     <span class='ocr_line' id='line_1_9' title="bbox 271 1262 1562 1345; baseline -0.002 -15"><span class='ocrx_word' id='word_1_71' title='bbox 271 1269 451 1331; x_wconf 85' lang='lat' dir='ltr'><strong>temeritate</strong></span> <span class='ocrx_word' id='word_1_72' title='bbox 474 1265 613 1330; x_wconf 88' lang='lat' dir='ltr'><strong>hostium</strong></span> <span class='ocrx_word' id='word_1_73' title='bbox 636 1266 738 1328; x_wconf 83' lang='lat' dir='ltr'><strong>evasit</strong></span> <span class='ocrx_word' id='word_1_74' title='bbox 758 1263 826 1329; x_wconf 89' lang='lat' dir='ltr'><strong>Dio</strong></span> <span class='ocrx_word' id='word_1_75' title='bbox 847 1267 897 1341; x_wconf 82' lang='lat'><strong>54,</strong></span> <span class='ocrx_word' id='word_1_76' title='bbox 919 1269 961 1329; x_wconf 90' lang='lat'><strong>33</strong></span> <span class='ocrx_word' id='word_1_77' title='bbox 983 1265 1024 1345; x_wconf 78' lang='lat' dir='ltr'><strong>es.</strong></span> <span class='ocrx_word' id='word_1_78' title='bbox 1041 1264 1130 1329; x_wconf 83' lang='lat' dir='ltr'><strong>Pliu.</strong></span> <span class='ocrx_word' id='word_1_79' title='bbox 1145 1285 1177 1331; x_wconf 83' lang='grc' dir='ltr'><strong>ιι.</strong></span> <span class='ocrx_word' id='word_1_80' title='bbox 1192 1263 1223 1328; x_wconf 83' lang='lat' dir='ltr'><strong>h.</strong></span> <span class='ocrx_word' id='word_1_81' title='bbox 1240 1269 1288 1340; x_wconf 88' lang='lat'><strong>11,</strong></span> <span class='ocrx_word' id='word_1_82' title='bbox 1305 1268 1355 1339; x_wconf 85' lang='lat'><strong>55,</strong></span> <span class='ocrx_word' id='word_1_83' title='bbox 1383 1262 1493 1344; x_wconf 68' lang='lat' dir='ltr'><strong>Obsco.</strong></span> <span class='ocrx_word' id='word_1_84' title='bbox 1511 1267 1562 1338; x_wconf 92' lang='grc'><em>72,</em></span> 
     </span>
     <span class='ocr_line' id='line_1_10' title="bbox 270 1366 1564 1452; baseline -0.004 -19"><span class='ocrx_word' id='word_1_85' title='bbox 270 1369 339 1434; x_wconf 76' lang='lat' dir='ltr'><strong>Lis.</strong></span> <span class='ocrx_word' id='word_1_86' title='bbox 356 1367 498 1451; x_wconf 65' lang='lat' dir='ltr'><strong>porroet.</strong></span> <span class='ocrx_word' id='word_1_87' title='bbox 521 1373 591 1436; x_wconf 85' lang='lat'><strong><em>140.</em></strong></span> <span class='ocrx_word' id='word_1_88' title='bbox 635 1367 688 1433; x_wconf 77' lang='grc' dir='ltr'><strong>Διὰ</strong></span> <span class='ocrx_word' id='word_1_89' title='bbox 713 1369 765 1452; x_wconf 80' lang='grc' dir='ltr'><strong>μὲν</strong></span> <span class='ocrx_word' id='word_1_90' title='bbox 788 1366 839 1432; x_wconf 81' lang='grc' dir='ltr'><strong>οὖν</strong></span> <span class='ocrx_word' id='word_1_91' title='bbox 861 1372 952 1433; x_wconf 83' lang='grc' dir='ltr'>ταῦτα</span> <span class='ocrx_word' id='word_1_92' title='bbox 974 1372 1026 1439; x_wconf 90' lang='grc' dir='ltr'>τοίς</span> <span class='ocrx_word' id='word_1_93' title='bbox 1047 1393 1078 1432; x_wconf 86' lang='grc' dir='ltr'><strong>τε</strong></span> <span class='ocrx_word' id='word_1_94' title='bbox 1104 1368 1262 1438; x_wconf 79' lang='grc' dir='ltr'>ἐπινικίους</span> <span class='ocrx_word' id='word_1_95' title='bbox 1284 1366 1368 1451; x_wconf 75' lang='grc' dir='ltr'>τιμὰς</span> <span class='ocrx_word' id='word_1_96' title='bbox 1389 1367 1438 1431; x_wconf 81' lang='grc' dir='ltr'><strong>καί</strong></span> <span class='ocrx_word' id='word_1_97' title='bbox 1459 1368 1494 1431; x_wconf 83' lang='grc' dir='ltr'><strong>τὸ</strong></span> <span class='ocrx_word' id='word_1_98' title='bbox 1517 1366 1564 1429; x_wconf 76' lang='grc' dir='ltr'><strong>ἐπὶ</strong></span> 
     </span>
     <span class='ocr_line' id='line_1_11' title="bbox 270 1467 1564 1559; baseline -0.006 -23"><span class='ocrx_word' id='word_1_99' title='bbox 270 1472 396 1559; x_wconf 81' lang='grc' dir='ltr'>κέλητος</span> <span class='ocrx_word' id='word_1_100' title='bbox 425 1473 457 1543; x_wconf 87' lang='grc' dir='ltr'><strong>ἐς</strong></span> <span class='ocrx_word' id='word_1_101' title='bbox 485 1473 518 1536; x_wconf 82' lang='grc' dir='ltr'><strong>τὸ</strong></span> <span class='ocrx_word' id='word_1_102' title='bbox 548 1471 621 1536; x_wconf 81' lang='grc' dir='ltr'>ἄστυ</span> <span class='ocrx_word' id='word_1_103' title='bbox 650 1472 755 1536; x_wconf 82' lang='grc' dir='ltr'>ἐλάσαι</span> <span class='ocrx_word' id='word_1_104' title='bbox 785 1473 839 1549; x_wconf 88' lang='lat'><strong>(=</strong></span> <span class='ocrx_word' id='word_1_105' title='bbox 862 1481 1052 1535; x_wconf 87' lang='lat' dir='ltr'><strong>ornamenta</strong></span> <span class='ocrx_word' id='word_1_106' title='bbox 1080 1469 1290 1555; x_wconf 81' lang='lat' dir='ltr'><strong>triumphalia</strong></span> <span class='ocrx_word' id='word_1_107' title='bbox 1317 1477 1348 1534; x_wconf 86' lang='lat' dir='ltr'><strong>et</strong></span> <span class='ocrx_word' id='word_1_108' title='bbox 1370 1467 1489 1532; x_wconf 90' lang='lat' dir='ltr'><strong>ovandi</strong></span> <span class='ocrx_word' id='word_1_109' title='bbox 1514 1468 1564 1530; x_wconf 88' lang='lat' dir='ltr'><strong>ius</strong></span> 
     </span>
     <span class='ocr_line' id='line_1_12' title="bbox 272 1571 1562 1659; baseline -0.005 -20"><span class='ocrx_word' id='word_1_110' title='bbox 272 1574 401 1639; x_wconf 78' lang='lat' dir='ltr'><strong>Suerou</strong></span> <span class='ocrx_word' id='word_1_111' title='bbox 421 1571 539 1638; x_wconf 78' lang='lat' dir='ltr'><strong>Claud.</strong></span> <span class='ocrx_word' id='word_1_112' title='bbox 562 1577 597 1656; x_wconf 83' lang='lat'><strong>1)</strong></span> <span class='ocrx_word' id='word_1_113' title='bbox 618 1581 656 1659; x_wconf 83' lang='grc' dir='ltr'><strong>τή</strong></span> <span class='ocrx_word' id='word_1_114' title='bbox 677 1597 709 1637; x_wconf 89' lang='grc' dir='ltr'><strong>τε</strong></span> <span class='ocrx_word' id='word_1_115' title='bbox 735 1576 786 1637; x_wconf 86' lang='grc' dir='ltr'><strong>τοῦ</strong></span> <span class='ocrx_word' id='word_1_116' title='bbox 813 1573 984 1638; x_wconf 73' lang='grc' dir='ltr'><strong>ἀνθυπάτου</strong></span> <span class='ocrx_word' id='word_1_117' title='bbox 1009 1573 1143 1658; x_wconf 77' lang='grc' dir='ltr'>ἐξουσίᾳ,</span> <span class='ocrx_word' id='word_1_118' title='bbox 1173 1573 1292 1638; x_wconf 76' lang='grc' dir='ltr'>ἐπειδὰν</span> <span class='ocrx_word' id='word_1_119' title='bbox 1316 1573 1562 1658; x_wconf 80' lang='grc' dir='ltr'>διαστρατήγήσή,</span> 
     </span>
     <span class='ocr_line' id='line_1_13' title="bbox 270 1674 1563 1762; baseline -0.002 -24"><span class='ocrx_word' id='word_1_120' title='bbox 270 1677 442 1762; x_wconf 79' lang='grc' dir='ltr'>χρήσασθαι</span> <span class='ocrx_word' id='word_1_121' title='bbox 472 1674 580 1761; x_wconf 86' lang='grc' dir='ltr'>ἔλαβε·</span> <span class='ocrx_word' id='word_1_122' title='bbox 603 1678 636 1741; x_wconf 81' lang='grc' dir='ltr'><strong>τὸ</strong></span> <span class='ocrx_word' id='word_1_123' title='bbox 666 1675 722 1761; x_wconf 70' lang='grc' dir='ltr'><strong>γὰρ</strong></span> <span class='ocrx_word' id='word_1_124' title='bbox 755 1675 850 1759; x_wconf 71' lang='grc' dir='ltr'>ὄνομα</span> <span class='ocrx_word' id='word_1_125' title='bbox 880 1680 931 1739; x_wconf 82' lang='grc' dir='ltr'><strong>τοῦ</strong></span> <span class='ocrx_word' id='word_1_126' title='bbox 959 1675 1174 1761; x_wconf 80' lang='grc' dir='ltr'>αὐτοκράτορος</span> <span class='ocrx_word' id='word_1_127' title='bbox 1201 1675 1393 1760; x_wconf 68' lang='grc' dir='ltr'>ἐπεψηφίσθη</span> <span class='ocrx_word' id='word_1_128' title='bbox 1425 1675 1479 1760; x_wconf 76' lang='grc' dir='ltr'><strong>μὲν</strong></span> <span class='ocrx_word' id='word_1_129' title='bbox 1507 1674 1563 1737; x_wconf 79' lang='grc' dir='ltr'><strong>ὑπὸ</strong></span> 
     </span>
     <span class='ocr_line' id='line_1_14' title="bbox 269 1773 1563 1864; baseline -0.003 -22"><span class='ocrx_word' id='word_1_130' title='bbox 269 1785 328 1843; x_wconf 83' lang='grc' dir='ltr'><strong>τῶν</strong></span> <span class='ocrx_word' id='word_1_131' title='bbox 352 1786 536 1863; x_wconf 84' lang='grc' dir='ltr'>στρατιωτῶν</span> <span class='ocrx_word' id='word_1_132' title='bbox 559 1782 606 1842; x_wconf 85' lang='grc' dir='ltr'><strong>καὶ</strong></span> <span class='ocrx_word' id='word_1_133' title='bbox 630 1780 736 1862; x_wconf 82' lang='grc' dir='ltr'>ἐκείνῳ</span> <span class='ocrx_word' id='word_1_134' title='bbox 758 1777 825 1842; x_wconf 78' lang='grc' dir='ltr'>τότε</span> <span class='ocrx_word' id='word_1_135' title='bbox 847 1779 895 1842; x_wconf 85' lang='grc' dir='ltr'><strong>καὶ</strong></span> <span class='ocrx_word' id='word_1_136' title='bbox 917 1788 962 1864; x_wconf 72' lang='grc' dir='ltr'><strong>τῷ</strong></span> <span class='ocrx_word' id='word_1_137' title='bbox 978 1775 1104 1864; x_wconf 80' lang='grc' dir='ltr'>Τιβερίῳ</span> <span class='ocrx_word' id='word_1_138' title='bbox 1126 1776 1266 1864; x_wconf 80' lang='grc' dir='ltr'>πρότερον</span> <span class='ocrx_word' id='word_1_139' title='bbox 1291 1777 1344 1856; x_wconf 72' lang='lat' dir='ltr'><strong>(cf.</strong></span> <span class='ocrx_word' id='word_1_140' title='bbox 1366 1781 1416 1852; x_wconf 81' lang='lat'><strong>54,</strong></span> <span class='ocrx_word' id='word_1_141' title='bbox 1435 1773 1498 1855; x_wconf 85' lang='lat'><strong>31),</strong></span> <span class='ocrx_word' id='word_1_142' title='bbox 1529 1775 1563 1838; x_wconf 87' lang='grc' dir='ltr'><strong>οὐ</strong></span> 
     </span>
     <span class='ocr_line' id='line_1_15' title="bbox 271 1876 1563 1967; baseline -0.005 -21"><span class='ocrx_word' id='word_1_143' title='bbox 271 1880 370 1966; x_wconf 76' lang='grc' dir='ltr'>μέντοι</span> <span class='ocrx_word' id='word_1_144' title='bbox 393 1881 472 1967; x_wconf 79' lang='grc' dir='ltr'>παρὰ</span> <span class='ocrx_word' id='word_1_145' title='bbox 494 1886 546 1945; x_wconf 76' lang='grc' dir='ltr'><strong>τοῦ</strong></span> <span class='ocrx_word' id='word_1_146' title='bbox 564 1878 732 1966; x_wconf 72' lang='grc' dir='ltr'><strong>Αὐγούστου</strong></span> <span class='ocrx_word' id='word_1_147' title='bbox 756 1879 859 1962; x_wconf 55' lang='lat' dir='ltr'><strong>tetta,</strong></span> <span class='ocrx_word' id='word_1_148' title='bbox 883 1883 989 1965; x_wconf 78' lang='grc' dir='ltr'>καίπερ</span> <span class='ocrx_word' id='word_1_149' title='bbox 1012 1881 1101 1945; x_wconf 81' lang='grc' dir='ltr'>αὐτοῦ</span> <span class='ocrx_word' id='word_1_150' title='bbox 1124 1878 1177 1944; x_wconf 77' lang='grc' dir='ltr'><strong>ἀπ’</strong></span> <span class='ocrx_word' id='word_1_151' title='bbox 1192 1879 1371 1965; x_wconf 71' lang='grc' dir='ltr'>ἀμφοτέροιν</span> <span class='ocrx_word' id='word_1_152' title='bbox 1387 1886 1446 1944; x_wconf 81' lang='grc' dir='ltr'><strong>τῶν</strong></span> <span class='ocrx_word' id='word_1_153' title='bbox 1466 1876 1563 1962; x_wconf 80' lang='grc' dir='ltr'>ἔργων</span> 
     </span>
     <span class='ocr_line' id='line_1_16' title="bbox 270 1979 1563 2070; baseline -0.002 -24"><span class='ocrx_word' id='word_1_154' title='bbox 270 1983 319 2046; x_wconf 82' lang='grc' dir='ltr'><strong>τὸν</strong></span> <span class='ocrx_word' id='word_1_155' title='bbox 346 1983 470 2066; x_wconf 79' lang='grc' dir='ltr'>ἀριθμὸν</span> <span class='ocrx_word' id='word_1_156' title='bbox 497 1989 549 2065; x_wconf 78' lang='grc' dir='ltr'><strong>τῆς</strong></span> <span class='ocrx_word' id='word_1_157' title='bbox 574 1985 761 2069; x_wconf 82' lang='grc' dir='ltr'>ἐπικλήσεως</span> <span class='ocrx_word' id='word_1_158' title='bbox 783 1985 962 2070; x_wconf 78' lang='grc' dir='ltr'>αὐξήσαντος</span> <span class='ocrx_word' id='word_1_159' title='bbox 987 1983 1118 2065; x_wconf 65' lang='lat' dir='ltr'><strong>(scilicet</strong></span> <span class='ocrx_word' id='word_1_160' title='bbox 1144 1984 1316 2066; x_wconf 81' lang='lat' dir='ltr'><strong>imperator</strong></span> <span class='ocrx_word' id='word_1_161' title='bbox 1345 1981 1405 2046; x_wconf 89' lang='lat' dir='ltr'><strong>XI</strong></span> <span class='ocrx_word' id='word_1_162' title='bbox 1426 1986 1454 2046; x_wconf 78' lang='lat' dir='ltr'><strong>et</strong></span> <span class='ocrx_word' id='word_1_163' title='bbox 1484 1979 1563 2044; x_wconf 87' lang='lat' dir='ltr'><strong>XII</strong></span> 
     </span>
     <span class='ocr_line' id='line_1_17' title="bbox 271 2081 1564 2168; baseline -0.002 -20"><span class='ocrx_word' id='word_1_164' title='bbox 271 2082 478 2165; x_wconf 80' lang='lat' dir='ltr'><strong>ucclaurclus)</strong></span> <span class='ocrx_word' id='word_1_165' title='bbox 494 2082 561 2150; x_wconf 88' lang='lat' dir='ltr'><strong>Dio</strong></span> <span class='ocrx_word' id='word_1_166' title='bbox 578 2089 627 2166; x_wconf 86' lang='lat'><strong>54,</strong></span> <span class='ocrx_word' id='word_1_167' title='bbox 645 2090 696 2152; x_wconf 86' lang='lat'><strong>33.</strong></span> <span class='ocrx_word' id='word_1_168' title='bbox 733 2085 907 2168; x_wconf 75' lang='lat' dir='ltr'><strong>Imperium</strong></span> <span class='ocrx_word' id='word_1_169' title='bbox 916 2085 1146 2168; x_wconf 80' lang='lat' dir='ltr'><strong>proconsulare</strong></span> <span class='ocrx_word' id='word_1_170' title='bbox 1161 2088 1190 2150; x_wconf 86' lang='lat' dir='ltr'><strong>ei</strong></span> <span class='ocrx_word' id='word_1_171' title='bbox 1205 2085 1360 2150; x_wconf 81' lang='lat' dir='ltr'><strong>decretum</strong></span> <span class='ocrx_word' id='word_1_172' title='bbox 1374 2088 1428 2160; x_wconf 81' lang='lat' dir='ltr'><strong>est,</strong></span> <span class='ocrx_word' id='word_1_173' title='bbox 1445 2081 1564 2148; x_wconf 80' lang='grc' dir='ltr'>ἐπειδὰν</span> 
     </span>
     <span class='ocr_line' id='line_1_18' title="bbox 272 2183 1564 2273; baseline -0.005 -21"><span class='ocrx_word' id='word_1_174' title='bbox 272 2189 519 2273; x_wconf 70' lang='grc' dir='ltr'>διαστρατήγήσή,</span> <span class='ocrx_word' id='word_1_175' title='bbox 543 2187 578 2252; x_wconf 87' lang='lat' dir='ltr'><strong>id</strong></span> <span class='ocrx_word' id='word_1_176' title='bbox 605 2191 666 2264; x_wconf 82' lang='lat' dir='ltr'><strong>est,</strong></span> <span class='ocrx_word' id='word_1_177' title='bbox 696 2187 822 2270; x_wconf 81' lang='lat' dir='ltr'><strong>quaudo</strong></span> <span class='ocrx_word' id='word_1_178' title='bbox 846 2193 1037 2269; x_wconf 79' lang='lat' dir='ltr'><strong>praeturam</strong></span> <span class='ocrx_word' id='word_1_179' title='bbox 1061 2193 1252 2270; x_wconf 79' lang='lat' dir='ltr'><strong>peracturus</strong></span> <span class='ocrx_word' id='word_1_180' title='bbox 1281 2191 1375 2262; x_wconf 79' lang='lat' dir='ltr'><strong>esset,</strong></span> <span class='ocrx_word' id='word_1_181' title='bbox 1407 2185 1504 2266; x_wconf 76' lang='lat' dir='ltr'><strong>ipitur</strong></span> <span class='ocrx_word' id='word_1_182' title='bbox 1530 2183 1564 2246; x_wconf 89' lang='lat' dir='ltr'><strong>iu</strong></span> 
     </span>
     <span class='ocr_line' id='line_1_19' title="bbox 271 2287 1564 2376; baseline -0.005 -23"><span class='ocrx_word' id='word_1_183' title='bbox 271 2311 302 2354; x_wconf 85' lang='lat' dir='ltr'><strong>a.</strong></span> <span class='ocrx_word' id='word_1_184' title='bbox 321 2294 388 2354; x_wconf 86' lang='lat'><strong>744.</strong></span> <span class='ocrx_word' id='word_1_185' title='bbox 428 2291 523 2353; x_wconf 87' lang='lat' dir='ltr'><strong>Anno</strong></span> <span class='ocrx_word' id='word_1_186' title='bbox 539 2289 601 2354; x_wconf 72' lang='lat'><strong>744</strong></span> <span class='ocrx_word' id='word_1_187' title='bbox 616 2320 657 2343; x_wconf 90' lang='lat'>=</span> <span class='ocrx_word' id='word_1_188' title='bbox 672 2290 715 2355; x_wconf 85' lang='lat'><strong>10</strong></span> <span class='ocrx_word' id='word_1_189' title='bbox 730 2299 842 2354; x_wconf 86' lang='lat' dir='ltr'><strong>eontra</strong></span> <span class='ocrx_word' id='word_1_190' title='bbox 858 2288 993 2355; x_wconf 81' lang='lat' dir='ltr'><strong>Chattos</strong></span> <span class='ocrx_word' id='word_1_191' title='bbox 1008 2290 1154 2376; x_wconf 87' lang='lat' dir='ltr'><strong>aliasque</strong></span> <span class='ocrx_word' id='word_1_192' title='bbox 1168 2301 1281 2373; x_wconf 87' lang='lat' dir='ltr'><strong>gentes</strong></span> <span class='ocrx_word' id='word_1_193' title='bbox 1297 2287 1564 2354; x_wconf 85' lang='lat' dir='ltr'><strong>Transrhenanas</strong></span> 
     </span>
     <span class='ocr_line' id='line_1_20' title="bbox 271 2390 1563 2479; baseline -0.004 -23"><span class='ocrx_word' id='word_1_194' title='bbox 271 2393 440 2476; x_wconf 85' lang='lat' dir='ltr'><strong>pugnavit,</strong></span> <span class='ocrx_word' id='word_1_195' title='bbox 460 2391 536 2456; x_wconf 87' lang='lat' dir='ltr'><strong>dein</strong></span> <span class='ocrx_word' id='word_1_196' title='bbox 550 2414 622 2457; x_wconf 91' lang='lat' dir='ltr'><strong>cum</strong></span> <span class='ocrx_word' id='word_1_197' title='bbox 640 2391 799 2476; x_wconf 85' lang='lat' dir='ltr'><strong>Augusto,</strong></span> <span class='ocrx_word' id='word_1_198' title='bbox 816 2394 873 2479; x_wconf 91' lang='lat' dir='ltr'><strong>qui</strong></span> <span class='ocrx_word' id='word_1_199' title='bbox 892 2395 923 2456; x_wconf 91' lang='lat' dir='ltr'><strong>in</strong></span> <span class='ocrx_word' id='word_1_200' title='bbox 939 2391 1047 2458; x_wconf 78' lang='lat' dir='ltr'><strong>Gallia</strong></span> <span class='ocrx_word' id='word_1_201' title='bbox 1063 2393 1275 2475; x_wconf 89' lang='lat' dir='ltr'><strong>Lugdunensi</strong></span> <span class='ocrx_word' id='word_1_202' title='bbox 1291 2401 1410 2474; x_wconf 85' lang='lat' dir='ltr'><strong>egerat,</strong></span> <span class='ocrx_word' id='word_1_203' title='bbox 1427 2390 1563 2455; x_wconf 82' lang='lat' dir='ltr'><strong>Romam</strong></span> 
     </span>
     <span class='ocr_line' id='line_1_21' title="bbox 272 2490 1563 2577; baseline -0.003 -21"><span class='ocrx_word' id='word_1_204' title='bbox 272 2493 368 2558; x_wconf 89' lang='lat' dir='ltr'><strong>rediit</strong></span> <span class='ocrx_word' id='word_1_205' title='bbox 397 2492 463 2558; x_wconf 82' lang='lat' dir='ltr'><strong>Dio</strong></span> <span class='ocrx_word' id='word_1_206' title='bbox 487 2499 537 2571; x_wconf 86' lang='lat'><strong>54,</strong></span> <span class='ocrx_word' id='word_1_207' title='bbox 562 2499 612 2570; x_wconf 88' lang='lat'><strong>36,</strong></span> <span class='ocrx_word' id='word_1_208' title='bbox 639 2496 708 2558; x_wconf 86' lang='lat' dir='ltr'><strong>Lir.</strong></span> <span class='ocrx_word' id='word_1_209' title='bbox 731 2493 873 2577; x_wconf 78' lang='lat' dir='ltr'><strong>perioch.</strong></span> <span class='ocrx_word' id='word_1_210' title='bbox 899 2500 968 2560; x_wconf 89' lang='lat'><strong><em>141.</em></strong></span> <span class='ocrx_word' id='word_1_211' title='bbox 1017 2495 1112 2560; x_wconf 86' lang='lat' dir='ltr'><strong>Anno</strong></span> <span class='ocrx_word' id='word_1_212' title='bbox 1141 2494 1202 2562; x_wconf 83' lang='grc'><strong>745</strong></span> <span class='ocrx_word' id='word_1_213' title='bbox 1229 2525 1270 2546; x_wconf 91' lang='lat'><strong><em>=</em></strong></span> <span class='ocrx_word' id='word_1_214' title='bbox 1295 2495 1315 2558; x_wconf 83' lang='lat'>9</span> <span class='ocrx_word' id='word_1_215' title='bbox 1345 2490 1457 2557; x_wconf 89' lang='lat' dir='ltr'><strong>consul</strong></span> <span class='ocrx_word' id='word_1_216' title='bbox 1490 2511 1563 2554; x_wconf 82' lang='lat' dir='ltr'><strong>cum</strong></span> 
     </span>
     <span class='ocr_line' id='line_1_22' title="bbox 271 2591 1563 2682; baseline -0.005 -22"><span class='ocrx_word' id='word_1_217' title='bbox 271 2595 309 2664; x_wconf 88' lang='grc' dir='ltr'><strong>Τ.</strong></span> <span class='ocrx_word' id='word_1_218' title='bbox 328 2595 481 2676; x_wconf 78' lang='lat' dir='ltr'><strong>Quinctio</strong></span> <span class='ocrx_word' id='word_1_219' title='bbox 505 2596 656 2682; x_wconf 83' lang='lat' dir='ltr'><strong>Crispino</strong></span> <span class='ocrx_word' id='word_1_220' title='bbox 678 2599 767 2679; x_wconf 79' lang='lat' dir='ltr'><strong>susti,</strong></span> <span class='ocrx_word' id='word_1_221' title='bbox 793 2603 813 2664; x_wconf 83' lang='lat' dir='ltr'><strong>t.</strong></span> <span class='ocrx_word' id='word_1_222' title='bbox 833 2602 865 2662; x_wconf 84' lang='lat'><strong>2.</strong></span> <span class='ocrx_word' id='word_1_223' title='bbox 882 2603 911 2662; x_wconf 87' lang='grc'><strong>6.</strong></span> <span class='ocrx_word' id='word_1_224' title='bbox 960 2598 1081 2662; x_wconf 83' lang='lat' dir='ltr'><strong>Eodem</strong></span> <span class='ocrx_word' id='word_1_225' title='bbox 1103 2601 1170 2680; x_wconf 80' lang='lat' dir='ltr'><strong>fere</strong></span> <span class='ocrx_word' id='word_1_226' title='bbox 1193 2602 1329 2680; x_wconf 79' lang='lat' dir='ltr'><strong>tempore</strong></span> <span class='ocrx_word' id='word_1_227' title='bbox 1351 2595 1392 2660; x_wconf 89' lang='lat' dir='ltr'><strong>ab</strong></span> <span class='ocrx_word' id='word_1_228' title='bbox 1416 2591 1563 2676; x_wconf 81' lang='lat' dir='ltr'><strong>Augusto</strong></span> 
     </span>
     <span class='ocr_line' id='line_1_23' title="bbox 272 2695 1616 2786; baseline -0.004 -23"><span class='ocrx_word' id='word_1_229' title='bbox 272 2701 478 2785; x_wconf 86' lang='lat' dir='ltr'><strong>imperatorio</strong></span> <span class='ocrx_word' id='word_1_230' title='bbox 500 2702 629 2765; x_wconf 92' lang='lat' dir='ltr'><strong>nomine</strong></span> <span class='ocrx_word' id='word_1_231' title='bbox 651 2711 765 2765; x_wconf 89' lang='lat' dir='ltr'><strong>auctus</strong></span> <span class='ocrx_word' id='word_1_232' title='bbox 785 2700 859 2767; x_wconf 80' lang='lat' dir='ltr'><strong>Tac.</strong></span> <span class='ocrx_word' id='word_1_233' title='bbox 876 2722 905 2764; x_wconf 87' lang='grc' dir='ltr'><strong>ο.</strong></span> <span class='ocrx_word' id='word_1_234' title='bbox 922 2705 951 2776; x_wconf 94' lang='grc'><em>1,</em></span> <span class='ocrx_word' id='word_1_235' title='bbox 967 2705 1006 2778; x_wconf 90' lang='grc'><strong>3,·</strong></span> <span class='ocrx_word' id='word_1_236' title='bbox 1028 2702 1201 2786; x_wconf 88' lang='lat' dir='ltr'><strong>imperator</strong></span> <span class='ocrx_word' id='word_1_237' title='bbox 1224 2706 1245 2766; x_wconf 81' lang='lat' dir='ltr'><strong>t.</strong></span> <span class='ocrx_word' id='word_1_238' title='bbox 1261 2705 1294 2766; x_wconf 90' lang='grc'><strong>2.</strong></span> <span class='ocrx_word' id='word_1_239' title='bbox 1310 2703 1339 2775; x_wconf 88' lang='grc'><em>6,</em></span> <span class='ocrx_word' id='word_1_240' title='bbox 1361 2695 1491 2762; x_wconf 83' lang='lat' dir='ltr'><strong>aurumi.</strong></span> <span class='ocrx_word' id='word_1_241' title='bbox 1615 2716 1616 2722; x_wconf 51' lang='lat'>¹</span> 
     </span>
     <span class='ocr_line' id='line_1_24' title="bbox 338 2799 1564 2880; baseline -0.007 -14"><span class='ocrx_word' id='word_1_242' title='bbox 338 2801 460 2866; x_wconf 82' lang='lat' dir='ltr'><strong>Eodem</strong></span> <span class='ocrx_word' id='word_1_243' title='bbox 481 2823 567 2866; x_wconf 88' lang='lat' dir='ltr'><strong>anno</strong></span> <span class='ocrx_word' id='word_1_244' title='bbox 590 2804 622 2866; x_wconf 94' lang='lat' dir='ltr'><strong>in</strong></span> <span class='ocrx_word' id='word_1_245' title='bbox 639 2803 848 2870; x_wconf 88' lang='lat' dir='ltr'><strong>Germaniam</strong></span> <span class='ocrx_word' id='word_1_246' title='bbox 865 2824 1014 2866; x_wconf 88' lang='lat' dir='ltr'><strong>reversus</strong></span> <span class='ocrx_word' id='word_1_247' title='bbox 1038 2814 1070 2866; x_wconf 89' lang='lat' dir='ltr'><strong>ct</strong></span> <span class='ocrx_word' id='word_1_248' title='bbox 1084 2801 1274 2868; x_wconf 81' lang='lat' dir='ltr'><strong>Chattorum</strong></span> <span class='ocrx_word' id='word_1_249' title='bbox 1296 2801 1376 2864; x_wconf 88' lang='lat' dir='ltr'><strong>lines</strong></span> <span class='ocrx_word' id='word_1_250' title='bbox 1399 2799 1564 2880; x_wconf 87' lang='lat' dir='ltr'><strong>ingressus</strong></span> 
     </span>
     <span class='ocr_line' id='line_1_25' title="bbox 274 2900 1561 2992; baseline -0.005 -25"><span class='ocrx_word' id='word_1_251' title='bbox 274 2905 382 2968; x_wconf 88' lang='lat' dir='ltr'><strong>omnia</strong></span> <span class='ocrx_word' id='word_1_252' title='bbox 397 2902 582 2990; x_wconf 90' lang='lat' dir='ltr'><strong>populando</strong></span> <span class='ocrx_word' id='word_1_253' title='bbox 595 2905 636 2968; x_wconf 87' lang='lat' dir='ltr'><strong>ad</strong></span> <span class='ocrx_word' id='word_1_254' title='bbox 650 2903 757 2969; x_wconf 82' lang='lat' dir='ltr'><strong>Albim</strong></span> <span class='ocrx_word' id='word_1_255' title='bbox 774 2904 910 2970; x_wconf 88' lang='lat' dir='ltr'><strong>fluvium</strong></span> <span class='ocrx_word' id='word_1_256' title='bbox 926 2907 1090 2992; x_wconf 78' lang='lat' dir='ltr'><strong>pervcnit3</strong></span> <span class='ocrx_word' id='word_1_257' title='bbox 1106 2927 1203 2991; x_wconf 91' lang='lat' dir='ltr'><strong>quem</strong></span> <span class='ocrx_word' id='word_1_258' title='bbox 1219 2927 1259 2968; x_wconf 90' lang='lat' dir='ltr'><strong>ne</strong></span> <span class='ocrx_word' id='word_1_259' title='bbox 1274 2900 1561 2983; x_wconf 81' lang='lat' dir='ltr'><strong>transgrederetur,</strong></span> 
     </span>
     <span class='ocr_line' id='line_1_26' title="bbox 272 3000 1564 3092; baseline -0.006 -22"><span class='ocrx_word' id='word_1_260' title='bbox 272 3007 402 3072; x_wconf 85' lang='lat' dir='ltr'><strong>divinae</strong></span> <span class='ocrx_word' id='word_1_261' title='bbox 432 3006 600 3071; x_wconf 80' lang='lat' dir='ltr'><strong>cuiusdam</strong></span> <span class='ocrx_word' id='word_1_262' title='bbox 630 3004 774 3070; x_wconf 86' lang='lat' dir='ltr'><strong>mulieris</strong></span> <span class='ocrx_word' id='word_1_263' title='bbox 797 3029 876 3070; x_wconf 91' lang='lat' dir='ltr'><strong>voce</strong></span> <span class='ocrx_word' id='word_1_264' title='bbox 903 3008 1034 3072; x_wconf 88' lang='lat' dir='ltr'><strong>territus</strong></span> <span class='ocrx_word' id='word_1_265' title='bbox 1064 3007 1203 3092; x_wconf 87' lang='lat' dir='ltr'><strong>tropaeis</strong></span> <span class='ocrx_word' id='word_1_266' title='bbox 1226 3005 1408 3070; x_wconf 85' lang='lat' dir='ltr'><strong>constitutis</strong></span> <span class='ocrx_word' id='word_1_267' title='bbox 1431 3000 1564 3066; x_wconf 90' lang='lat' dir='ltr'><strong>recessit</strong></span> 
     </span>
     <span class='ocr_line' id='line_1_27' title="bbox 272 3101 1562 3196; baseline -0.007 -23"><span class='ocrx_word' id='word_1_268' title='bbox 272 3110 359 3174; x_wconf 90' lang='lat' dir='ltr'><strong>etin</strong></span> <span class='ocrx_word' id='word_1_269' title='bbox 385 3111 508 3191; x_wconf 88' lang='lat' dir='ltr'><strong>itincre,</strong></span> <span class='ocrx_word' id='word_1_270' title='bbox 531 3111 721 3194; x_wconf 87' lang='lat' dir='ltr'><strong>priusquam</strong></span> <span class='ocrx_word' id='word_1_271' title='bbox 747 3109 788 3173; x_wconf 88' lang='lat' dir='ltr'><strong>ad</strong></span> <span class='ocrx_word' id='word_1_272' title='bbox 812 3108 958 3174; x_wconf 88' lang='lat' dir='ltr'><strong>Rhenum</strong></span> <span class='ocrx_word' id='word_1_273' title='bbox 983 3110 1175 3196; x_wconf 86' lang='lat' dir='ltr'><strong>perveniret,</strong></span> <span class='ocrx_word' id='word_1_274' title='bbox 1202 3107 1315 3174; x_wconf 91' lang='lat' dir='ltr'><strong>morbo</strong></span> <span class='ocrx_word' id='word_1_275' title='bbox 1338 3105 1476 3170; x_wconf 88' lang='lat' dir='ltr'><strong>decessit</strong></span> <span class='ocrx_word' id='word_1_276' title='bbox 1497 3101 1562 3166; x_wconf 89' lang='lat' dir='ltr'><strong>Dio</strong></span> 
     </span>
     <span class='ocr_line' id='line_1_28' title="bbox 270 3204 1563 3299; baseline -0.009 -20"><span class='ocrx_word' id='word_1_277' title='bbox 270 3218 320 3289; x_wconf 90' lang='grc'><em>55,</em></span> <span class='ocrx_word' id='word_1_278' title='bbox 348 3219 380 3290; x_wconf 90' lang='grc'><em>1,·</em></span> <span class='ocrx_word' id='word_1_279' title='bbox 410 3212 491 3277; x_wconf 86' lang='lat' dir='ltr'><strong>obiit</strong></span> <span class='ocrx_word' id='word_1_280' title='bbox 513 3213 546 3276; x_wconf 92' lang='lat' dir='ltr'><strong>in</strong></span> <span class='ocrx_word' id='word_1_281' title='bbox 567 3213 697 3276; x_wconf 87' lang='lat' dir='ltr'><strong>aestivis</strong></span> <span class='ocrx_word' id='word_1_282' title='bbox 719 3214 850 3293; x_wconf 89' lang='lat' dir='ltr'><strong>castris,</strong></span> <span class='ocrx_word' id='word_1_283' title='bbox 880 3235 965 3299; x_wconf 88' lang='lat' dir='ltr'><strong>quaa</strong></span> <span class='ocrx_word' id='word_1_284' title='bbox 987 3236 1028 3276; x_wconf 86' lang='lat' dir='ltr'><strong>ex</strong></span> <span class='ocrx_word' id='word_1_285' title='bbox 1054 3234 1092 3277; x_wconf 92' lang='lat' dir='ltr'><strong>eo</strong></span> <span class='ocrx_word' id='word_1_286' title='bbox 1115 3212 1280 3278; x_wconf 84' lang='lat' dir='ltr'><strong>Scelerata</strong></span> <span class='ocrx_word' id='word_1_287' title='bbox 1305 3219 1381 3273; x_wconf 91' lang='lat' dir='ltr'><strong>sunt</strong></span> <span class='ocrx_word' id='word_1_288' title='bbox 1403 3204 1563 3293; x_wconf 85' lang='lat' dir='ltr'><strong>appellata</strong></span> 
     </span>
     <span class='ocr_line' id='line_1_29' title="bbox 273 3308 1562 3402; baseline -0.009 -21"><span class='ocrx_word' id='word_1_289' title='bbox 273 3315 400 3382; x_wconf 76' lang='lat' dir='ltr'><strong>Sueten.</strong></span> <span class='ocrx_word' id='word_1_290' title='bbox 422 3313 539 3382; x_wconf 81' lang='lat' dir='ltr'><strong>Claud.</strong></span> <span class='ocrx_word' id='word_1_291' title='bbox 557 3320 594 3391; x_wconf 90' lang='grc'><em>1,·</em></span> <span class='ocrx_word' id='word_1_292' title='bbox 616 3314 676 3380; x_wconf 85' lang='grc' dir='ltr'>ἔστι</span> <span class='ocrx_word' id='word_1_293' title='bbox 699 3317 732 3380; x_wconf 88' lang='grc' dir='ltr'>δέ</span> <span class='ocrx_word' id='word_1_294' title='bbox 754 3317 802 3380; x_wconf 78' lang='grc' dir='ltr'><strong>καί</strong></span> <span class='ocrx_word' id='word_1_295' title='bbox 822 3315 922 3387; x_wconf 77' lang='grc' dir='ltr'>Σάλας</span> <span class='ocrx_word' id='word_1_296' title='bbox 941 3319 1073 3402; x_wconf 79' lang='grc' dir='ltr'>ποταμὸς</span> <span class='ocrx_word' id='word_1_297' title='bbox 1095 3326 1149 3398; x_wconf 85' lang='lat'><strong>(=</strong></span> <span class='ocrx_word' id='word_1_298' title='bbox 1164 3315 1214 3379; x_wconf 81' lang='lat' dir='ltr'><strong>die</strong></span> <span class='ocrx_word' id='word_1_299' title='bbox 1231 3312 1374 3394; x_wconf 83' lang='lat' dir='ltr'><strong>Saalc?)‚</strong></span> <span class='ocrx_word' id='word_1_300' title='bbox 1398 3311 1431 3376; x_wconf 86' lang='grc' dir='ltr'><strong>οίι</strong></span> <span class='ocrx_word' id='word_1_301' title='bbox 1456 3308 1562 3392; x_wconf 71' lang='grc' dir='ltr'>μεταξὺ</span> 
     </span>
     <span class='ocr_line' id='line_1_30' title="bbox 272 3407 1564 3504; baseline -0.009 -20"><span class='ocrx_word' id='word_1_302' title='bbox 272 3422 320 3484; x_wconf 79' lang='grc' dir='ltr'><strong>καί</strong></span> <span class='ocrx_word' id='word_1_303' title='bbox 348 3423 400 3484; x_wconf 82' lang='grc' dir='ltr'><strong>τοῦ</strong></span> <span class='ocrx_word' id='word_1_304' title='bbox 423 3415 532 3504; x_wconf 88' lang='grc' dir='ltr'>Ῥήνου</span> <span class='ocrx_word' id='word_1_305' title='bbox 558 3421 700 3503; x_wconf 84' lang='grc' dir='ltr'>πολεμῶν</span> <span class='ocrx_word' id='word_1_306' title='bbox 726 3421 775 3482; x_wconf 81' lang='grc' dir='ltr'><strong>καὶ</strong></span> <span class='ocrx_word' id='word_1_307' title='bbox 798 3421 953 3504; x_wconf 73' lang='grc' dir='ltr'>κατορθῶν</span> <span class='ocrx_word' id='word_1_308' title='bbox 973 3420 1103 3504; x_wconf 83' lang='grc' dir='ltr'>Δροῦσος</span> <span class='ocrx_word' id='word_1_309' title='bbox 1131 3417 1322 3504; x_wconf 67' lang='grc' dir='ltr'>ἐτελεύτησεν</span> <span class='ocrx_word' id='word_1_310' title='bbox 1344 3418 1360 3480; x_wconf 84' lang='grc' dir='ltr'><strong>δ</strong></span> <span class='ocrx_word' id='word_1_311' title='bbox 1384 3414 1407 3479; x_wconf 92' lang='grc' dir='ltr'><strong><em>Γ</em></strong></span> <span class='ocrx_word' id='word_1_312' title='bbox 1409 3407 1564 3498; x_wconf 82' lang='grc' dir='ltr'>ερμανικός</span> 
     </span>
     <span class='ocr_line' id='line_1_31' title="bbox 273 3515 1562 3608; baseline -0.009 -21"><span class='ocrx_word' id='word_1_313' title='bbox 273 3522 394 3587; x_wconf 78' lang='lat' dir='ltr'><strong>Strabo</strong></span> <span class='ocrx_word' id='word_1_314' title='bbox 418 3527 446 3598; x_wconf 94' lang='lat'><strong>7,</strong></span> <span class='ocrx_word' id='word_1_315' title='bbox 469 3526 498 3598; x_wconf 93' lang='lat'><strong>1,</strong></span> <span class='ocrx_word' id='word_1_316' title='bbox 520 3526 593 3604; x_wconf 70' lang='lat'><strong>31).</strong></span> <span class='ocrx_word' id='word_1_317' title='bbox 616 3526 682 3587; x_wconf 82' lang='lat'><strong>291</strong></span> <span class='ocrx_word' id='word_1_318' title='bbox 690 3541 700 3599; x_wconf 92' lang='lat'><strong>,·</strong></span> <span class='ocrx_word' id='word_1_319' title='bbox 729 3545 770 3585; x_wconf 87' lang='lat' dir='ltr'><strong>cx</strong></span> <span class='ocrx_word' id='word_1_320' title='bbox 794 3523 953 3606; x_wconf 88' lang='lat' dir='ltr'><strong>fractura,</strong></span> <span class='ocrx_word' id='word_1_321' title='bbox 985 3544 1067 3608; x_wconf 93' lang='lat' dir='ltr'><strong>cquo</strong></span> <span class='ocrx_word' id='word_1_322' title='bbox 1094 3545 1192 3608; x_wconf 90' lang='lat' dir='ltr'><strong>super</strong></span> <span class='ocrx_word' id='word_1_323' title='bbox 1213 3543 1286 3585; x_wconf 88' lang='lat' dir='ltr'><strong>crus</strong></span> <span class='ocrx_word' id='word_1_324' title='bbox 1309 3520 1378 3584; x_wconf 85' lang='lat' dir='ltr'><strong>eius</strong></span> <span class='ocrx_word' id='word_1_325' title='bbox 1400 3515 1562 3600; x_wconf 88' lang='lat' dir='ltr'><strong>conlapso,</strong></span> 
     </span>
     <span class='ocr_line' id='line_1_32' title="bbox 273 3621 1563 3709; baseline -0.01 -19"><span class='ocrx_word' id='word_1_326' title='bbox 273 3625 436 3690; x_wconf 90' lang='lat' dir='ltr'><strong>tricesimo</strong></span> <span class='ocrx_word' id='word_1_327' title='bbox 459 3623 513 3688; x_wconf 90' lang='lat' dir='ltr'><strong>die</strong></span> <span class='ocrx_word' id='word_1_328' title='bbox 534 3646 633 3709; x_wconf 92' lang='lat' dir='ltr'><strong>quam</strong></span> <span class='ocrx_word' id='word_1_329' title='bbox 655 3623 818 3690; x_wconf 88' lang='lat' dir='ltr'><strong>acciderat</strong></span> <span class='ocrx_word' id='word_1_330' title='bbox 844 3635 990 3690; x_wconf 90' lang='lat' dir='ltr'><strong>mortuus</strong></span> <span class='ocrx_word' id='word_1_331' title='bbox 1013 3627 1082 3693; x_wconf 86' lang='lat' dir='ltr'><strong>Liv.</strong></span> <span class='ocrx_word' id='word_1_332' title='bbox 1099 3625 1240 3708; x_wconf 79' lang='lat' dir='ltr'><strong>perioch.</strong></span> <span class='ocrx_word' id='word_1_333' title='bbox 1263 3627 1334 3690; x_wconf 82' lang='grc'><em>112.</em></span> <span class='ocrx_word' id='word_1_334' title='bbox 1381 3621 1563 3685; x_wconf 81' lang='lat' dir='ltr'><strong>intraverat</strong></span> 
     </span>
     <span class='ocr_line' id='line_1_33' title="bbox 273 3722 1561 3814; baseline -0.008 -22"><span class='ocrx_word' id='word_1_335' title='bbox 273 3729 401 3814; x_wconf 89' lang='lat' dir='ltr'><strong>penitus</strong></span> <span class='ocrx_word' id='word_1_336' title='bbox 418 3728 625 3795; x_wconf 84' lang='lat' dir='ltr'><strong>Germaniam</strong></span> <span class='ocrx_word' id='word_1_337' title='bbox 650 3737 682 3792; x_wconf 93' lang='lat' dir='ltr'><strong>et</strong></span> <span class='ocrx_word' id='word_1_338' title='bbox 704 3727 749 3791; x_wconf 93' lang='lat' dir='ltr'><strong>ibi</strong></span> <span class='ocrx_word' id='word_1_339' title='bbox 771 3729 900 3811; x_wconf 89' lang='lat' dir='ltr'><strong>signum</strong></span> <span class='ocrx_word' id='word_1_340' title='bbox 916 3730 1051 3794; x_wconf 91' lang='lat' dir='ltr'><strong>Romani</strong></span> <span class='ocrx_word' id='word_1_341' title='bbox 1068 3729 1219 3810; x_wconf 84' lang='lat' dir='ltr'><strong>fixerunt,</strong></span> <span class='ocrx_word' id='word_1_342' title='bbox 1236 3726 1290 3791; x_wconf 91' lang='lat' dir='ltr'><strong>ubi</strong></span> <span class='ocrx_word' id='word_1_343' title='bbox 1308 3727 1365 3788; x_wconf 80' lang='lat' dir='ltr'><strong>vix</strong></span> <span class='ocrx_word' id='word_1_344' title='bbox 1390 3722 1470 3787; x_wconf 89' lang='lat' dir='ltr'><strong>ullos</strong></span> <span class='ocrx_word' id='word_1_345' title='bbox 1493 3741 1561 3784; x_wconf 91' lang='lat' dir='ltr'><strong>csse</strong></span> 
     </span>
     <span class='ocr_line' id='line_1_34' title="bbox 274 3820 1565 3916; baseline -0.011 -20"><span class='ocrx_word' id='word_1_346' title='bbox 274 3833 435 3896; x_wconf 88' lang='lat' dir='ltr'><strong>Romanos</strong></span> <span class='ocrx_word' id='word_1_347' title='bbox 458 3841 569 3894; x_wconf 91' lang='lat' dir='ltr'><strong>notum</strong></span> <span class='ocrx_word' id='word_1_348' title='bbox 592 3839 677 3911; x_wconf 78' lang='lat' dir='ltr'><strong>erat3</strong></span> <span class='ocrx_word' id='word_1_349' title='bbox 709 3831 740 3892; x_wconf 92' lang='lat' dir='ltr'><strong>in</strong></span> <span class='ocrx_word' id='word_1_350' title='bbox 765 3830 971 3916; x_wconf 87' lang='lat' dir='ltr'><strong>expeditione</strong></span> <span class='ocrx_word' id='word_1_351' title='bbox 998 3831 1180 3896; x_wconf 84' lang='lat' dir='ltr'><strong>decesserat</strong></span> <span class='ocrx_word' id='word_1_352' title='bbox 1203 3831 1280 3914; x_wconf 87' lang='lat' dir='ltr'><strong>ipsis</strong></span> <span class='ocrx_word' id='word_1_353' title='bbox 1304 3827 1395 3892; x_wconf 88' lang='lat' dir='ltr'><strong>illum</strong></span> <span class='ocrx_word' id='word_1_354' title='bbox 1419 3820 1565 3889; x_wconf 86' lang='lat' dir='ltr'><strong>hostibus</strong></span> 
     </span>
     <span class='ocr_line' id='line_1_35' title="bbox 273 3922 1567 4019; baseline -0.009 -22"><span class='ocrx_word' id='word_1_355' title='bbox 273 3955 405 4016; x_wconf 87' lang='lat' dir='ltr'><strong>aegrum</strong></span> <span class='ocrx_word' id='word_1_356' title='bbox 429 3955 504 3997; x_wconf 89' lang='lat' dir='ltr'><strong>cum</strong></span> <span class='ocrx_word' id='word_1_357' title='bbox 526 3933 734 3996; x_wconf 88' lang='lat' dir='ltr'><strong>veneratione</strong></span> <span class='ocrx_word' id='word_1_358' title='bbox 763 3943 795 3996; x_wconf 90' lang='lat' dir='ltr'><strong>et</strong></span> <span class='ocrx_word' id='word_1_359' title='bbox 822 3956 901 4019; x_wconf 88' lang='lat' dir='ltr'><strong>pace</strong></span> <span class='ocrx_word' id='word_1_360' title='bbox 931 3943 1044 3999; x_wconf 87' lang='lat' dir='ltr'><strong>mutua</strong></span> <span class='ocrx_word' id='word_1_361' title='bbox 1074 3931 1344 4018; x_wconf 89' lang='lat' dir='ltr'><strong>prosequentibus</strong></span> <span class='ocrx_word' id='word_1_362' title='bbox 1370 3927 1501 4013; x_wconf 82' lang='lat' dir='ltr'><strong>(seilicet</strong></span> <span class='ocrx_word' id='word_1_363' title='bbox 1523 3922 1567 3986; x_wconf 86' lang='lat' dir='ltr'><strong>ad</strong></span> 
     </span>
     <span class='ocr_line' id='line_1_36' title="bbox 271 4029 1565 4115; baseline -0.009 -15"><span class='ocrx_word' id='word_1_364' title='bbox 271 4041 379 4100; x_wconf 83' lang='lat' dir='ltr'><strong>castra</strong></span> <span class='ocrx_word' id='word_1_365' title='bbox 408 4035 541 4115; x_wconf 81' lang='lat' dir='ltr'><strong>aestiua)</strong></span> <span class='ocrx_word' id='word_1_366' title='bbox 565 4035 685 4100; x_wconf 82' lang='lat' dir='ltr'><strong>Seneca</strong></span> <span class='ocrx_word' id='word_1_367' title='bbox 715 4036 829 4100; x_wconf 79' lang='grc' dir='ltr'>οονιοοί.</span> <span class='ocrx_word' id='word_1_368' title='bbox 853 4036 897 4102; x_wconf 88' lang='lat' dir='ltr'><strong>ad</strong></span> <span class='ocrx_word' id='word_1_369' title='bbox 918 4037 1084 4101; x_wconf 83' lang='lat' dir='ltr'><strong>Murciam</strong></span> <span class='ocrx_word' id='word_1_370' title='bbox 1104 4040 1134 4113; x_wconf 89' lang='lat'><strong>3,</strong></span> <span class='ocrx_word' id='word_1_371' title='bbox 1158 4041 1194 4114; x_wconf 89' lang='lat'><strong>1;</strong></span> <span class='ocrx_word' id='word_1_372' title='bbox 1223 4032 1335 4098; x_wconf 89' lang='lat' dir='ltr'><strong>consul</strong></span> <span class='ocrx_word' id='word_1_373' title='bbox 1364 4029 1565 4113; x_wconf 88' lang='lat' dir='ltr'><strong>trigesimum</strong></span> 
     </span>
     <span class='ocr_line' id='line_1_37' title="bbox 274 4125 1565 4220; baseline -0.009 -18"><span class='ocrx_word' id='word_1_374' title='bbox 274 4160 394 4203; x_wconf 90' lang='lat' dir='ltr'><strong>annum</strong></span> <span class='ocrx_word' id='word_1_375' title='bbox 424 4157 522 4220; x_wconf 86' lang='lat' dir='ltr'><strong>agens</strong></span> <span class='ocrx_word' id='word_1_376' title='bbox 552 4147 697 4202; x_wconf 91' lang='lat' dir='ltr'><strong>mortuus</strong></span> <span class='ocrx_word' id='word_1_377' title='bbox 728 4137 861 4203; x_wconf 78' lang='lat' dir='ltr'><strong>Velleius</strong></span> <span class='ocrx_word' id='word_1_378' title='bbox 882 4145 914 4216; x_wconf 89' lang='grc'><em>2,</em></span> <span class='ocrx_word' id='word_1_379' title='bbox 939 4144 989 4216; x_wconf 88' lang='grc'><em>97,</em></span> <span class='ocrx_word' id='word_1_380' title='bbox 1011 4145 1040 4206; x_wconf 92' lang='grc'><strong>3.</strong></span> <span class='ocrx_word' id='word_1_381' title='bbox 1095 4138 1245 4203; x_wconf 88' lang='lat' dir='ltr'><strong>Mortuus</strong></span> <span class='ocrx_word' id='word_1_382' title='bbox 1275 4146 1324 4200; x_wconf 86' lang='lat' dir='ltr'><strong>est</strong></span> <span class='ocrx_word' id='word_1_383' title='bbox 1351 4131 1469 4198; x_wconf 89' lang='lat' dir='ltr'>XVIII</span> <span class='ocrx_word' id='word_1_384' title='bbox 1498 4125 1565 4192; x_wconf 89' lang='lat' dir='ltr'><strong>kal.</strong></span> 
     </span>
     <span class='ocr_line' id='line_1_38' title="bbox 275 4229 1566 4322; baseline -0.011 -16"><span class='ocrx_word' id='word_1_385' title='bbox 275 4241 346 4308; x_wconf 88' lang='lat' dir='ltr'><strong>Oct.</strong></span> <span class='ocrx_word' id='word_1_386' title='bbox 363 4265 392 4306; x_wconf 91' lang='lat' dir='ltr'><strong>a.</strong></span> <span class='ocrx_word' id='word_1_387' title='bbox 409 4240 471 4306; x_wconf 79' lang='lat'><strong>745</strong></span> <span class='ocrx_word' id='word_1_388' title='bbox 487 4240 562 4304; x_wconf 75' lang='lat'><strong>:9</strong></span> <span class='ocrx_word' id='word_1_389' title='bbox 585 4264 614 4304; x_wconf 90' lang='lat' dir='ltr'><strong>a.</strong></span> <span class='ocrx_word' id='word_1_390' title='bbox 635 4239 671 4305; x_wconf 84' lang='lat' dir='ltr'><strong>C.</strong></span> <span class='ocrx_word' id='word_1_391' title='bbox 694 4241 776 4322; x_wconf 77' lang='lat' dir='ltr'><strong>fusti</strong></span> <span class='ocrx_word' id='word_1_392' title='bbox 796 4241 944 4306; x_wconf 82' lang='lat' dir='ltr'><strong>Aulr&#39;ates</strong></span> <span class='ocrx_word' id='word_1_393' title='bbox 965 4241 1041 4308; x_wconf 82' lang='lat' dir='ltr'><strong>CIL</strong></span> <span class='ocrx_word' id='word_1_394' title='bbox 1062 4242 1103 4306; x_wconf 73' lang='lat'><strong>1⁹</strong></span> <span class='ocrx_word' id='word_1_395' title='bbox 1120 4264 1154 4322; x_wconf 82' lang='grc' dir='ltr'><strong>ρ.</strong></span> <span class='ocrx_word' id='word_1_396' title='bbox 1172 4245 1245 4308; x_wconf 81' lang='grc'><em>248.</em></span> <span class='ocrx_word' id='word_1_397' title='bbox 1290 4238 1387 4304; x_wconf 85' lang='lat' dir='ltr'><strong>Haud</strong></span> <span class='ocrx_word' id='word_1_398' title='bbox 1411 4229 1523 4320; x_wconf 94' lang='lat' dir='ltr'><strong>procul</strong></span> <span class='ocrx_word' id='word_1_399' title='bbox 1547 4251 1566 4292; x_wconf 87' lang='lat' dir='ltr'><strong>a</strong></span> 
     </span>
     <span class='ocr_line' id='line_1_39' title="bbox 274 4333 1567 4427; baseline -0.012 -18"><span class='ocrx_word' id='word_1_400' title='bbox 274 4343 547 4426; x_wconf 84' lang='lat' dir='ltr'><strong>Teutoburgiensi</strong></span> <span class='ocrx_word' id='word_1_401' title='bbox 570 4342 653 4406; x_wconf 88' lang='lat' dir='ltr'><strong>saltu</strong></span> <span class='ocrx_word' id='word_1_402' title='bbox 672 4352 777 4407; x_wconf 88' lang='lat' dir='ltr'><strong>‘vetus</strong></span> <span class='ocrx_word' id='word_1_403' title='bbox 799 4365 856 4407; x_wconf 91' lang='lat' dir='ltr'><strong>ara</strong></span> <span class='ocrx_word' id='word_1_404' title='bbox 878 4343 990 4408; x_wconf 87' lang='lat' dir='ltr'><strong>Drusl¹</strong></span> <span class='ocrx_word' id='word_1_405' title='bbox 1009 4344 1140 4427; x_wconf 80' lang='lat' dir='ltr'><strong>(scilicet</strong></span> <span class='ocrx_word' id='word_1_406' title='bbox 1163 4344 1195 4408; x_wconf 85' lang='lat' dir='ltr'><strong>iu</strong></span> <span class='ocrx_word' id='word_1_407' title='bbox 1217 4343 1332 4409; x_wconf 76' lang='lat' dir='ltr'><strong>ceolric</strong></span> <span class='ocrx_word' id='word_1_408' title='bbox 1354 4339 1418 4405; x_wconf 85' lang='lat' dir='ltr'><strong>illis</strong></span> <span class='ocrx_word' id='word_1_409' title='bbox 1439 4333 1567 4399; x_wconf 80' lang='lat' dir='ltr'><strong>aestiuis</strong></span> 
     </span>
     <span class='ocr_line' id='line_1_40' title="bbox 275 4435 1564 4530; baseline -0.012 -19"><span class='ocrx_word' id='word_1_410' title='bbox 275 4442 430 4525; x_wconf 75' lang='lat' dir='ltr'><strong>extructa)</strong></span> <span class='ocrx_word' id='word_1_411' title='bbox 457 4467 477 4509; x_wconf 98' lang='lat' dir='ltr'><strong>a</strong></span> <span class='ocrx_word' id='word_1_412' title='bbox 503 4435 696 4510; x_wconf 84' lang='lat' dir='ltr'><strong>Germanico</strong></span> <span class='ocrx_word' id='word_1_413' title='bbox 719 4468 748 4510; x_wconf 88' lang='lat' dir='ltr'><strong>a.</strong></span> <span class='ocrx_word' id='word_1_414' title='bbox 774 4447 813 4511; x_wconf 91' lang='grc'><strong>16</strong></span> <span class='ocrx_word' id='word_1_415' title='bbox 836 4447 985 4510; x_wconf 88' lang='lat' dir='ltr'><strong>restituta</strong></span> <span class='ocrx_word' id='word_1_416' title='bbox 1011 4457 1058 4510; x_wconf 89' lang='lat' dir='ltr'><strong>est</strong></span> <span class='ocrx_word' id='word_1_417' title='bbox 1086 4445 1264 4530; x_wconf 91' lang='lat' dir='ltr'><strong>honorique</strong></span> <span class='ocrx_word' id='word_1_418' title='bbox 1289 4443 1390 4530; x_wconf 91' lang='lat' dir='ltr'><strong>patris</strong></span> <span class='ocrx_word' id='word_1_419' title='bbox 1413 4441 1564 4524; x_wconf 86' lang='lat' dir='ltr'><strong>princeps</strong></span> 
     </span>
     <span class='ocr_line' id='line_1_41' title="bbox 274 4539 1564 4634; baseline -0.009 -23"><span class='ocrx_word' id='word_1_420' title='bbox 274 4550 341 4634; x_wconf 91' lang='lat' dir='ltr'><strong>ipse</strong></span> <span class='ocrx_word' id='word_1_421' title='bbox 362 4570 436 4613; x_wconf 94' lang='lat' dir='ltr'><strong>cum</strong></span> <span class='ocrx_word' id='word_1_422' title='bbox 458 4547 640 4630; x_wconf 91' lang='lat' dir='ltr'><strong>legionibus</strong></span> <span class='ocrx_word' id='word_1_423' title='bbox 663 4548 847 4613; x_wconf 85' lang='lat' dir='ltr'><strong>decucurrit</strong></span> <span class='ocrx_word' id='word_1_424' title='bbox 873 4549 946 4616; x_wconf 85' lang='lat' dir='ltr'><strong>I&#39;ac.</strong></span> <span class='ocrx_word' id='word_1_425' title='bbox 967 4571 995 4614; x_wconf 88' lang='lat' dir='ltr'><strong>a.</strong></span> <span class='ocrx_word' id='word_1_426' title='bbox 1012 4555 1044 4625; x_wconf 92' lang='grc'><em>2,</em></span> <span class='ocrx_word' id='word_1_427' title='bbox 1067 4555 1094 4613; x_wconf 89' lang='grc'><strong>7.</strong></span> <span class='ocrx_word' id='word_1_428' title='bbox 1111 4587 1148 4593; x_wconf 92' lang='grc'>-</span> <span class='ocrx_word' id='word_1_429' title='bbox 1165 4549 1228 4614; x_wconf 88' lang='lat' dir='ltr'><strong>Res</strong></span> <span class='ocrx_word' id='word_1_430' title='bbox 1252 4571 1271 4612; x_wconf 93' lang='lat' dir='ltr'><strong>a</strong></span> <span class='ocrx_word' id='word_1_431' title='bbox 1293 4547 1402 4610; x_wconf 90' lang='lat' dir='ltr'><strong>Druso</strong></span> <span class='ocrx_word' id='word_1_432' title='bbox 1425 4545 1458 4606; x_wconf 94' lang='lat' dir='ltr'><strong>in</strong></span> <span class='ocrx_word' id='word_1_433' title='bbox 1482 4539 1564 4604; x_wconf 84' lang='lat' dir='ltr'><strong>Ger-</strong></span> 
     </span>
     <span class='ocr_line' id='line_1_42' title="bbox 274 4645 1563 4738; baseline 0.002 -25"><span class='ocrx_word' id='word_1_434' title='bbox 274 4651 382 4714; x_wconf 88' lang='lat' dir='ltr'><strong>mania</strong></span> <span class='ocrx_word' id='word_1_435' title='bbox 417 4661 524 4733; x_wconf 87' lang='lat' dir='ltr'><strong>gcstas</strong></span> <span class='ocrx_word' id='word_1_436' title='bbox 560 4652 671 4736; x_wconf 86' lang='lat' dir='ltr'><strong>paucis</strong></span> <span class='ocrx_word' id='word_1_437' title='bbox 700 4651 960 4738; x_wconf 87' lang='lat' dir='ltr'><strong>complectuntur</strong></span> <span class='ocrx_word' id='word_1_438' title='bbox 995 4650 1129 4717; x_wconf 76' lang='lat' dir='ltr'><strong>Velleius</strong></span> <span class='ocrx_word' id='word_1_439' title='bbox 1153 4656 1193 4728; x_wconf 87' lang='grc'><em>2,</em></span> <span class='ocrx_word' id='word_1_440' title='bbox 1220 4656 1270 4728; x_wconf 84' lang='grc'><em>97,</em></span> <span class='ocrx_word' id='word_1_441' title='bbox 1303 4647 1427 4713; x_wconf 79' lang='lat' dir='ltr'><strong>Floras</strong></span> <span class='ocrx_word' id='word_1_442' title='bbox 1449 4649 1489 4719; x_wconf 90' lang='grc'><em>2,</em></span> <span class='ocrx_word' id='word_1_443' title='bbox 1513 4645 1563 4716; x_wconf 75' lang='grc'><strong>30,</strong></span> 
     </span>
     <span class='ocr_line' id='line_1_43' title="bbox 275 4747 1564 4837; baseline -0.01 -18"><span class='ocrx_word' id='word_1_444' title='bbox 275 4754 443 4820; x_wconf 82' lang='lat' dir='ltr'><strong>Suetoru&#39;us</strong></span> <span class='ocrx_word' id='word_1_445' title='bbox 463 4752 609 4819; x_wconf 76' lang='lat' dir='ltr'><strong>Olcades</strong></span> <span class='ocrx_word' id='word_1_446' title='bbox 629 4758 658 4830; x_wconf 92' lang='lat'><strong>1,</strong></span> <span class='ocrx_word' id='word_1_447' title='bbox 688 4754 819 4820; x_wconf 83' lang='lat' dir='ltr'><strong>Orosius</strong></span> <span class='ocrx_word' id='word_1_448' title='bbox 841 4762 870 4832; x_wconf 90' lang='grc'><em>6,</em></span> <span class='ocrx_word' id='word_1_449' title='bbox 892 4759 946 4831; x_wconf 88' lang='grc'><em>21,</em></span> <span class='ocrx_word' id='word_1_450' title='bbox 969 4755 1146 4837; x_wconf 83' lang='lat' dir='ltr'><strong>Eutropius</strong></span> <span class='ocrx_word' id='word_1_451' title='bbox 1161 4760 1190 4832; x_wconf 87' lang='grc'><em>7,</em></span> <span class='ocrx_word' id='word_1_452' title='bbox 1207 4759 1236 4820; x_wconf 86' lang='grc'><strong>9.</strong></span> <span class='ocrx_word' id='word_1_453' title='bbox 1279 4753 1380 4818; x_wconf 81' lang='lat' dir='ltr'><strong>Fossa</strong></span> <span class='ocrx_word' id='word_1_454' title='bbox 1398 4747 1564 4813; x_wconf 89' lang='lat' dir='ltr'><strong>Drusiana</strong></span> 
     </span>
     <span class='ocr_line' id='line_1_44' title="bbox 279 4851 1563 4940; baseline -0.007 -20"><span class='ocrx_word' id='word_1_455' title='bbox 279 4857 350 4921; x_wconf 78' lang='lat' dir='ltr'><strong>Tac.</strong></span> <span class='ocrx_word' id='word_1_456' title='bbox 372 4878 401 4922; x_wconf 87' lang='lat' dir='ltr'><strong>a.</strong></span> <span class='ocrx_word' id='word_1_457' title='bbox 425 4863 458 4934; x_wconf 93' lang='grc'><em>2,</em></span> <span class='ocrx_word' id='word_1_458' title='bbox 481 4861 511 4934; x_wconf 86' lang='grc'><em>8,</em></span> <span class='ocrx_word' id='word_1_459' title='bbox 535 4878 635 4940; x_wconf 88' lang='lat' dir='ltr'><strong>agger</strong></span> <span class='ocrx_word' id='word_1_460' title='bbox 655 4854 697 4920; x_wconf 89' lang='lat' dir='ltr'><strong>ab</strong></span> <span class='ocrx_word' id='word_1_461' title='bbox 722 4880 758 4920; x_wconf 92' lang='grc' dir='ltr'><strong>ου</strong></span> <span class='ocrx_word' id='word_1_462' title='bbox 781 4858 948 4922; x_wconf 89' lang='lat' dir='ltr'><strong>inchoatus</strong></span> <span class='ocrx_word' id='word_1_463' title='bbox 972 4856 1084 4921; x_wconf 89' lang='lat' dir='ltr'><strong>Rheno</strong></span> <span class='ocrx_word' id='word_1_464' title='bbox 1107 4855 1284 4920; x_wconf 90' lang='lat' dir='ltr'><strong>coercendo</strong></span> <span class='ocrx_word' id='word_1_465' title='bbox 1308 4854 1381 4918; x_wconf 83' lang='lat' dir='ltr'><strong>Tac.</strong></span> <span class='ocrx_word' id='word_1_466' title='bbox 1400 4871 1430 4914; x_wconf 86' lang='lat' dir='ltr'><strong>a.</strong></span> <span class='ocrx_word' id='word_1_467' title='bbox 1446 4851 1495 4924; x_wconf 90' lang='lat'><strong>13,</strong></span> <span class='ocrx_word' id='word_1_468' title='bbox 1514 4851 1563 4922; x_wconf 83' lang='lat'><strong>53,</strong></span> 
     </span>
     <span class='ocr_line' id='line_1_45' title="bbox 275 4957 422 5037; baseline 0.027 -17"><span class='ocrx_word' id='word_1_469' title='bbox 275 4957 352 5037; x_wconf 75' lang='lat' dir='ltr'><strong>lah,</strong></span> <span class='ocrx_word' id='word_1_470' title='bbox 372 4963 422 5024; x_wconf 89' lang='lat'><strong>19.</strong></span> 
     </span>
    </p>
   </div>
   <div class='ocr_carea' id='block_1_2' title="bbox 0 0 1887 5628">
    <p class='ocr_par' dir='ltr' id='par_1_2' title="bbox 0 0 1887 5628">
     <span class='ocr_line' id='line_1_46' title="bbox 0 0 1887 5628; baseline 0 0"><span class='ocrx_word' id='word_1_471' title='bbox 0 0 1887 5628; x_wconf 95' lang='lat' dir='ltr'><strong> </strong></span> 
     </span>
    </p>
   </div>
  </div>
 </body>
</html>
