3818 5620
347 313 547 370 ANTISTIVS
1009 305 1051 369 86
1506 312 1703 368 ANTISTIVS

348 511 412 577 594
434 519 474 574 Μ.
502 519 700 576 ANTISTIVS
732 519 856 574 LABEO
887 509 1099 592 (praenomen
1132 509 1270 574 sorevit
1297 508 1476 592 Porphyrio
1511 507 1556 573 ad
1586 507 1700 574 Horat.

412 613 504 678 sotir.
526 619 556 691 1,
578 619 607 690 3,
631 617 685 690 82,
716 617 850 678 colerunt
870 611 1033 678 Antistius
1055 611 1166 677 Labeo
1195 613 1260 677 sive
1289 610 1423 695 Labeo),
1453 609 1539 676 filius
1569 611 1702 675 Pacuvii

412 715 545 781 Antistii
576 714 737 781 Labeonis
766 714 962 798 Pomponius
989 714 1113 798 Digest.
1136 720 1165 790 1,
1188 721 1221 791 2,
1244 717 1276 790 2,
1298 719 1340 779 49
1368 715 1410 796 cf.
1439 712 1524 779 Gett.
1546 717 1575 790 5,
1598 718 1651 796 21,
1672 719 1702 790 4,

412 819 469 904 qui
492 826 525 882 et
546 819 615 904 ipse
638 819 708 883 iure
729 816 895 883 consultus
916 827 990 903 post
1010 837 1154 904 pugnam
1176 817 1264 903 apud
1287 815 1454 904 Philippos
1481 839 1516 880 se
1543 818 1705 882 interemit

414 921 557 1004 Appios.
582 921 652 988 bell.
676 922 886 998 eio.4‚135;
915 930 1045 986 senatus
1075 919 1228 1003 lectione,
1260 941 1332 984 cum
1361 921 1415 985 vir
1436 921 1545 984 virum
1574 920 1702 1004 legeret,

413 1024 457 1090 M.
481 1023 644 1111 Lepidum
674 1023 750 1089 olim
781 1022 906 1089 hostem
928 1021 1070 1108 Augusti
1101 1033 1134 1088 et
1162 1033 1241 1087 tunc
1264 1021 1448 1088 exulantem
1470 1020 1551 1106 legit
1575 1023 1703 1088 Suetoa.

410 1128 544 1210 Aapast.
560 1131 601 1192 54
615 1126 656 1207 of.
671 1130 720 1203 35,
737 1125 804 1191 Dio
817 1130 867 1204 54,
884 1129 923 1192 15
939 1147 1024 1190 meno
1040 1123 1179 1192 725l72o
1195 1154 1237 1178 =
1250 1123 1352 1192 29l2d
1366 1147 1396 1192 o.
1411 1124 1446 1191 0.
1463 1125 1504 1206 cf.
1517 1125 1703 1202 Marmara,

412 1249 463 1294 rea
488 1233 595 1313 postue
618 1228 678 1293 dio.
700 1228 784 1310 ΑΜ.
806 1250 842 1310 p.
856 1233 897 1294 35
904 1248 915 1304 ,·
944 1231 1017 1293 tanc
1046 1228 1146 1311 ipitar
1175 1227 1239 1309 suit
1267 1228 1302 1292 ire
1331 1233 1453 1292 senata.
1498 1229 1589 1293 lutra
1616 1250 1704 1314 prae·

414 1341 521 1397 turam
536 1332 627 1396 stetit
645 1330 719 1397 Tuo.
736 1353 766 1396 o.
781 1336 811 1408 3,
830 1335 867 1396 75
875 1351 886 1408 ;
907 1328 1019 1412 noluit,
1043 1353 1118 1396 cum
1132 1331 1303 1396 offerretur
1318 1331 1347 1394 ei
1363 1330 1404 1396 ab
1420 1329 1570 1414 Augusto
1592 1353 1706 1395 consu-

414 1433 508 1516 latus,
532 1455 596 1519 quo
619 1434 774 1498 suffectus
796 1432 897 1516 fieret,
921 1432 1075 1498 honorem
1101 1435 1267 1520 suscipere
1289 1433 1483 1516 Pomponius
1504 1435 1529 1516 §
1550 1438 1600 1510 47,
1632 1455 1704 1499 cum

416 1536 585 1620 Angustus
608 1536 704 1603 Ateio
728 1535 878 1622 Capitoni
908 1534 1111 1601 consulatum
1142 1535 1354 1602 accelerasset
1376 1536 1474 1620 (uano
1494 1541 1566 1618 ὄρ.
1588 1535 1647 1618 0.),
1671 1545 1707 1600 ut

413 1639 599 1705 Labeonem
614 1639 801 1722 dignatione
816 1641 885 1703 eius
901 1640 1108 1722 magistratus
1123 1642 1262 1704 anteiret
1276 1639 1350 1706 Tac.
1364 1661 1394 1704 a.
1406 1645 1438 1716 3,
1451 1643 1500 1705 75.
1528 1637 1620 1704 Obiit
1635 1651 1707 1725 post

414 1743 518 1826 legem
537 1742 673 1828 Papiam
694 1742 878 1827 Poppaeam
900 1742 957 1824 (of.
981 1740 1103 1824 Dipost.
1126 1746 1179 1816 24,
1194 1747 1225 1818 3,
1240 1745 1289 1818 64,
1305 1745 1335 1818 9,
1365 1739 1523 1824 leionas
1544 1741 1589 1806 od
1610 1741 1706 1825 apem

414 1845 539 1910 Iuliam
551 1849 581 1909 et
592 1844 732 1928 Papiam
746 1844 820 1910 ‘boc
834 1844 946 1910 Labeo
961 1845 1053 1931 quasi
1069 1845 1222 1910 omissum
1239 1845 1273 1908 in
1288 1843 1360 1927 lege
1375 1843 1536 1928 adnotat‘)
1553 1868 1581 1910 a.
1593 1845 1614 1909 9
1625 1868 1656 1932 p.
1669 1844 1706 1910 C.

415 1957 562 2030 rogatam
589 1955 622 2011 et
642 1956 718 2012 ante
736 1945 868 2012 Ateium
891 1946 1082 2033 Capitonem
1105 1957 1269 2012 mortuum
1292 1969 1321 2011 a.
1344 1949 1395 2028 22,
1413 1946 1630 2030 probabiliter
1649 1947 1706 2012 sub

414 2050 509 2134 finan
533 2050 661 2132 imperii
681 2051 829 2133 Augusti,
853 2071 924 2114 cam
946 2049 1030 2114 alios
1057 2049 1199 2114 Tacitum
1222 2055 1353 2114 atatem
1375 2051 1441 2114 ciue
1462 2055 1708 2115 maceraturum

415 2153 514 2234 fassae
535 2153 603 2217 ocrr'
621 2153 725 2218 simile
746 2153 798 2219 sit.
820 2189 864 2199 —
886 2152 979 2217 onr
1001 2153 1135 2218 Neratio
1152 2151 1275 2236 Dipest.
1290 2157 1339 2230 34,
1356 2158 1388 2229 2,
1403 2157 1456 2229 32,
1473 2157 1502 2219 6.

479 2254 556 2320 Iure
585 2252 752 2320 consultus
782 2253 997 2338 clarissimus,
1027 2257 1194 2320 institutus
1224 2279 1244 2320 a
1272 2255 1426 2322 Trebatio
1448 2254 1604 2338 Poenpois.
1627 2256 1647 2322 l.
1671 2255 1709 2333 l.,·

415 2357 525 2424 Labeo
548 2368 581 2424 et
603 2357 719 2444 Capito
742 2357 861 2423 decora
882 2359 997 2424 aetatis
1012 2356 1165 2442 Augusti,
1189 2357 1247 2423 sed
1268 2356 1379 2424 Labeo
1403 2359 1593 2443 incorrupta
1613 2356 1708 2422 liber-

417 2469 483 2524 tate
511 2469 544 2525 et
573 2458 614 2524 ob
643 2459 677 2524 id
707 2460 793 2524 lama
822 2459 1017 2526 celebratior
1049 2461 1123 2526 Tuo.
1155 2460 1175 2527 l.
1207 2461 1227 2525 l.
1275 2460 1321 2525 Hi
1350 2459 1415 2525 duo
1446 2463 1587 2545 primurn
1617 2461 1709 2546 quasi

416 2562 562 2628 diversas
583 2571 689 2628 sectas
711 2562 873 2647 fecerunt,
906 2585 981 2628 nam
1004 2562 1118 2628 Ateius
1141 2562 1257 2649 Capito
1282 2563 1316 2627 in
1339 2562 1406 2646 hia,
1431 2585 1516 2649 qaae
1539 2564 1568 2627 ei
1591 2562 1709 2628 tradita

419 2665 564 2748 fuerant,
596 2664 841 2750 perseverabat,
872 2664 984 2731 Labeo
1013 2667 1134 2749 ingenii
1156 2665 1313 2752 qualitate
1339 2673 1371 2730 et
1392 2664 1512 2730 fiducia
1533 2664 1708 2748 doctrinae,

418 2769 475 2853 qui
506 2777 538 2832 et
567 2768 682 2832 ceteris
710 2769 816 2854 operis
846 2769 1024 2854 sapientiae
1053 2790 1186 2854 operam
1215 2767 1357 2851 dederat,
1383 2766 1524 2854 plurima
1555 2769 1710 2833 innovare

419 2869 543 2935 studuit
564 2869 736 2953 Poorqroa.;
764 2872 844 2935 iuris
873 2870 1004 2957 quidem
1035 2869 1140 2935 civilis
1170 2869 1374 2956 disciplinam
1403 2871 1577 2957 principali
1603 2870 1709 2938 studio

420 2973 567 3037 exercuit
581 2980 614 3036 et
627 2971 868 3038 consulentibus
884 2971 924 3036 de
946 2973 1018 3037 iure
1040 2971 1168 3058 publice
1189 2973 1428 3059 responsitavit,
1452 2973 1510 3037 sed
1531 2983 1712 3039 ceterarum

419 3095 550 3160 quoque
572 3073 730 3139 bonarum
752 3077 872 3140 artium
893 3097 958 3139 non
974 3096 1091 3160 expers
1114 3075 1175 3140 fuit
1198 3077 1285 3139 etin
1307 3077 1552 3158 grammaticam
1574 3097 1645 3140 sese
1666 3083 1711 3139 at-

421 3199 485 3262 que
507 3175 708 3243 dialecticam
730 3176 920 3265 litterasque
942 3179 1142 3264 antiquiores
1171 3177 1367 3263 altioresque
1395 3187 1623 3263 penetraverat
1644 3176 1713 3242 lati-

421 3300 601 3366 narumque
631 3301 749 3345 vocum
780 3283 922 3365 origines
955 3283 1162 3366 rationesque
1189 3280 1404 3364 percalluerat
1430 3279 1710 3358 Getl.13,10,1.

422 3381 585 3447 Iudicium
606 3381 693 3448 Ateii
714 3381 881 3470 Capitonis
903 3383 944 3449 de
966 3384 1119 3450 Labeone
1142 3383 1289 3470 (mortao)
1312 3383 1354 3450 id.
1371 3387 1420 3460 13,
1436 3389 1580 3461 12,1-4.

486 3484 596 3550 Labeo
611 3484 787 3571 plurimum
802 3486 917 3551 auidiis
933 3507 1065 3571 operam
1077 3484 1168 3550 dedit
1183 3493 1216 3549 et
1230 3494 1335 3550 totum
1349 3507 1471 3550 annum
1487 3487 1533 3551 ita
1547 3484 1712 3569 diviserat,

424 3595 459 3651 ut
481 3587 603 3651 Romae
623 3611 682 3653 sex
704 3587 871 3654 mensibus
893 3610 966 3653 cum
987 3587 1140 3653 studiosis
1163 3596 1256 3669 esset,
1283 3609 1342 3652 sex
1362 3587 1527 3653 mensibus
1550 3587 1715 3654 secederet

423 3698 456 3753 et
485 3689 727 3756 conscribendis
756 3690 848 3756 libris
878 3713 1010 3777 operam
1039 3689 1148 3772 daret,
1179 3690 1290 3775 itaque
1319 3687 1452 3775 reliquit
1476 3691 1716 3776 quadringenta

424 3790 589 3857 volumina
611 3791 813 3877 Pomponius.
847 3793 987 3879 Scripsit
1008 3790 1197 3857 Probabilia
1217 3789 1371 3872 (nitelas
1394 3793 1491 3881 βιβλία
1512 3795 1591 3860 ὀκτώ
1613 3792 1716 3858 Index

423 3892 556 3977 Diyest„
579 3896 636 3960 abi
655 3915 805 3961 ausuras
826 3896 912 3961 cadit
934 3896 970 3960 ia
992 3894 1092 3960 Pooli
1113 3893 1290 3977 epitornan),
1322 3893 1363 3958 ad
1393 3893 1535 3960 edictsun
1557 3897 1715 3982 praetoris

426 3995 541 4060 urbani
565 4005 597 4061 et
617 3998 791 4082 peregrini,
815 3995 855 4061 ad
871 3997 1042 4061 duodecim
1056 3994 1194 4078 tabulas,
1216 3993 1316 4059 libros
1338 4016 1577 4081 responsorum,
1601 3999 1719 4084 epistu-

426 4096 546 4181 larum,
576 4099 617 4163 de
645 4100 718 4163 iure
746 4097 929 4184 pontificio,
960 4107 1033 4184 post
1061 4108 1199 4162 mortem
1227 4098 1297 4162 eius
1327 4096 1404 4163 editi
1436 4108 1511 4164 sunt
1536 4097 1630 4184 libri,
1661 4101 1715 4186 qui

426 4202 620 4284 posteriores
642 4199 874 4283 inscribuntur,
898 4222 1035 4286 quorum
1062 4199 1218 4265 librorum
1241 4208 1306 4264 tres
1328 4201 1489 4283 continui,
1514 4203 1717 4267 tricensimus

425 4312 559 4367 octavus
582 4312 614 4368 et
635 4303 840 4368 tricensimus
862 4325 966 4368 nonus
989 4312 1021 4369 et
1036 4303 1326 4388 quadragessimus
1350 4307 1405 4369 eto.
1428 4302 1510 4370 cett.
1529 4308 1580 4382 13,
1604 4311 1654 4382 10,
1677 4311 1700 4372 2
1707 4327 1718 4384 ;

427 4405 612 4468 Posteriora
637 4405 822 4488 (epitomata
843 4426 865 4468 o
888 4405 1050 4492 Iovoloao)
1079 4405 1173 4470 iudea
1199 4403 1321 4487 Dipeat.
1344 4409 1374 4469 et
1389 4407 1514 4487 possim
1536 4408 1571 4470 in
1593 4405 1716 4492 Diyest.

426 4505 625 4589 Frapmento
640 4506 830 4590 collegerunt
844 4507 950 4584 Lersol,
967 4507 1192 4590 Paliayertesio
1206 4509 1281 4583 502,
1305 4506 1463 4584 Husoblso,
1481 4509 1716 4592 lampredae.

428 4607 678 4674 Anteiastiaioa.
687 4630 723 4690 p.
736 4613 797 4673 110
811 4629 886 4692 sqq,
910 4611 946 4676 dc
961 4611 1088 4694 seraptis
1106 4610 1148 4691 of.
1162 4608 1306 4685 Persice,
1324 4609 1374 4673 M.
1389 4609 1553 4676 Antistius
1567 4613 1676 4679 Labeo
1690 4615 1717 4680 I

429 4731 466 4792 p.
483 4713 523 4776 35
536 4729 601 4792 sqq.

498 4811 589 4891 Quod
609 4812 722 4876 cambit
742 4812 901 4877 Horatius
923 4817 982 4878 sot.
1003 4819 1032 4890 1,
1047 4819 1077 4891 3,
1093 4816 1138 4879 82
1163 4810 1329 4877 ‘Labeone
1352 4814 1496 4877 insanior
1517 4815 1603 4880 inter
1625 4839 1720 4883 sanos

430 4912 569 4982 dicatur’
586 4913 742 4981 leoninam
758 4913 937 4980 Stoicoram
952 4914 1086 4998 placitis
1103 4933 1199 4998 usque
1216 4913 1259 4977 ad
1279 4915 1440 4980 insoniam
1462 4915 1601 4982 deditum
1623 4920 1721 5003 31ρηὶ-
