3826 5610
611 1706 891 1783 PRAEFATIO
923 1707 1151 1784 EDITORIS

285 2038 463 2120 Postquam
486 2057 526 2104 ea
546 2057 629 2120 quac
650 2037 824 2123 scriptores
839 2038 962 2124 antiqui
979 2039 1181 2107 tradiderunt
1196 2063 1268 2109 cum
1283 2044 1438 2114 memoria
1454 2065 1563 2112 earum

197 2175 306 2222 rerum
336 2155 377 2222 do
404 2154 520 2240 quibus
548 2163 756 2223 monumenta
783 2157 962 2225 cer·tissime
989 2167 1148 2227 testantur
1175 2161 1325 2246 coniungi
1351 2171 1449 2248 atque
1482 2185 1564 2232 eom-

199 2275 277 2360 poni
305 2281 421 2362 coepta
449 2282 534 2360 sunt,
562 2295 634 2342 oum
663 2274 761 2343 totius
789 2277 858 2344 iere
885 2252 1086 2364 antiquitatis
1120 2280 1256 2347 historia
1289 2285 1419 2350 saeculo
1452 2293 1563 2352 nostro

200 2402 347 2462 coueota
378 2403 476 2462 aucta
509 2394 707 2480 amplificata
740 2397 790 2480 sit,
825 2404 892 2463 tum
924 2407 1016 2465 actas
1043 2401 1260 2466 Romanorum
1287 2401 1496 2488 imperatoria
1522 2426 1563 2472 ex

196 2514 320 2600 ingenti
348 2522 628 2582 monumentorum
663 2515 756 2602 copia
784 2519 876 2602 quasi
909 2538 995 2586 nova
1027 2520 1167 2602 quadam
1202 2521 1274 2588 luce
1306 2522 1470 2591 illustrata
1503 2531 1562 2591 est.

197 2637 307 2720 Atque
330 2637 428 2702 etiam
452 2635 618 2702 hominum
641 2637 695 2722 qui
718 2638 776 2704 illa
798 2645 907 2706 aetate
929 2641 983 2706 vel
1004 2639 1037 2704 in
1060 2639 1157 2707 rebus
1179 2640 1316 2726 publicis
1332 2644 1385 2710 vel
1398 2642 1432 2710 in
1448 2645 1563 2712 litteris

201 2753 282 2821 clari
304 2755 434 2822 fuerunt
456 2757 643 2822 memoriam
669 2778 741 2823 oum
764 2758 884 2844 scripta
907 2779 991 2843 quae
1005 2765 1144 2826 aetatem
1161 2761 1303 2828 tulerunt
1322 2783 1470 2830 mancam
1492 2767 1563 2832 reli-

199 2874 346 2959 quissent
367 2877 421 2941 vel
442 2875 560 2942 iniuria
581 2883 759 2963 temporum
782 2898 913 2962 prorsus
936 2879 1099 2947 oblivione
1125 2879 1293 2966 obruisset,
1316 2883 1470 2951 adhibitis
1492 2885 1564 2952 titu-

195 2996 300 3063 lorum
336 3016 603 3080 nummorumque
639 2997 832 3065 testimoniis
864 2999 1079 3083 redintegrari
1106 3019 1201 3085 posse
1228 2999 1369 3067 virorum
1396 3003 1561 3072 doctorum

199 3115 415 3202 temptamina
436 3117 595 3202 quaedam
621 3118 722 3185 veluti
744 3119 868 3185 indices
889 3120 930 3185 ad
955 3117 1052 3184 Plinii
1074 3116 1231 3202 epistulas
1252 3121 1496 3210 aMommseno‚
1519 3127 1562 3192 ad

195 3237 277 3302 Aeta
303 3237 471 3304 Arvalium
503 3237 546 3303 ab
573 3238 729 3305 Henneno
763 3237 900 3305 coniecti
940 3238 1087 3304 omnibus
1120 3245 1197 3306 ante
1232 3241 1343 3307 oculos
1375 3253 1561 3328 posuerant.

200 3354 262 3434 Qui
285 3355 411 3423 indices
433 3375 627 3442 quamquam
649 3357 729 3423 artis
751 3356 868 3423 finibus
890 3357 1120 3444 circumscripti
1144 3367 1246 3444 erant,
1268 3380 1340 3426 oum
1364 3381 1463 3447 opera
1482 3364 1563 3431 eius·

196 3477 286 3544 modi
311 3479 505 3563 permultum
528 3478 571 3544 ad
594 3476 712 3544 aetatis
734 3478 962 3564 imperatoriae
988 3480 1155 3546 moliorem
1178 3479 1393 3563 cognitionem
1417 3482 1563 3552 conferre

195 3617 293 3682 posse
320 3598 499 3664 luculenter
526 3597 814 3684 demonstrassent,
837 3599 1014 3665 Academia
1037 3600 1139 3684 Regia
1161 3599 1333 3667 Borussica
1359 3602 1503 3671 decrevit
1529 3611 1563 3670 ut

196 3719 296 3785 totius
324 3718 443 3784 acatis
473 3717 673 3804 principatus
700 3720 777 3788 inde
798 3720 840 3785 ab
864 3720 1008 3804 Augusto
1031 3739 1133 3803 usque
1159 3718 1202 3784 ad
1224 3718 1462 3789 Diocletianum
1489 3724 1563 3790 Pro-

197 3838 420 3924 sopographia
448 3839 650 3924 conderetur,
678 3860 717 3906 eo
744 3840 879 3907 consilio
909 3847 945 3906 ut
972 3859 1182 3925 quaecunque
1209 3839 1251 3905 de
1273 3839 1457 3907 hominibus
1477 3842 1564 3909 illius

193 3957 314 4025 aetatis
357 3958 555 4025 notabilibus
601 3960 655 4026 vel
695 3979 753 4044 per
794 3958 968 4046 scriptores
1006 3958 1060 4025 rel
1105 3979 1162 4045 por
1198 3959 1310 4027 titulos
1350 3982 1562 4047 nummosque

194 4077 371 4146 memoriae
404 4079 526 4146 tradita
566 4086 640 4146 sunt
673 4079 901 4162 colligerentur
935 4087 967 4148 et
1000 4087 1278 4165 componerentur.
1329 4079 1429 4147 Cuius
1455 4080 1562 4164 operis

194 4219 307 4266 curam
336 4199 513 4266 Academia
546 4219 680 4266 munere
715 4199 877 4285 tripartito
911 4199 1055 4265 Elimaro
1079 4200 1191 4285 Klebs,
1213 4200 1401 4267 Hermanno
1424 4202 1562 4286 Bessan,

193 4321 297 4387 Paulo
320 4339 385 4387 von
408 4319 546 4387 Rohden
573 4321 752 4388 mandavit.
802 4321 908 4403 Atque
936 4322 1088 4387 volumen
1118 4321 1255 4405 primum
1279 4319 1391 4408 Klebs,
1423 4321 1561 4387 alterum

193 4443 322 4510 Dessau
345 4439 500 4527 coniecit3
528 4441 658 4507 tertium
682 4462 723 4508 ne
746 4441 841 4506 simul
863 4462 934 4506 oum
958 4440 1008 4506 his
1030 4460 1114 4525 quae
1136 4461 1221 4508 nunc
1243 4441 1276 4506 in
1292 4440 1453 4527 publicum
1470 4442 1563 4526 prod·

193 4567 273 4626 eunt
295 4560 456 4645 ederetur,
490 4560 599 4644 gravis
621 4563 712 4628 Pauli
741 4581 806 4628 von
830 4560 967 4628 Rohden
990 4562 1143 4629 valetudo
1171 4561 1304 4628 obstitit.
1350 4561 1442 4627 Vnde
1475 4562 1561 4627 tertii

192 4676 367 4744 voluminis
399 4680 443 4746 ad
477 4680 571 4747 finem
606 4681 804 4766 perducendi
838 4701 948 4746 euram
982 4681 1108 4748 Dessau
1142 4679 1175 4745 in
1214 4703 1250 4748 se
1283 4681 1434 4766 suscepit.
1488 4679 1560 4758 Quo

192 4797 339 4866 coniceto
379 4808 530 4885 quartum
567 4801 687 4870 addere
724 4804 757 4868 in
797 4802 906 4868 animo
945 4808 1004 4886 est,
1042 4801 1128 4886 quod
1165 4801 1267 4867 iustos
1304 4802 1490 4868 consulares
1528 4809 1561 4869 et
1611 4776 1615 4783 ¹

192 4920 367 4986 laterculos
395 4941 505 4988 eorum
534 4922 588 5004 qui
617 4921 792 4990 honoribus
820 4930 853 4989 et
878 4920 1064 4988 muneribus
1091 4920 1228 5004 publicis
1253 4919 1353 4987 iuncti
1380 4927 1454 4988 snut
1487 4941 1560 4987 con·

192 5039 317 5106 tinebit.
