3758 5628
313 289 489 349 CEIONIVS
956 279 1021 346 328
1492 288 1668 346 ῦΕΙΟΝΝΒ

376 485 546 572 adoptatus
568 491 622 552 esi.
668 485 789 552 Consul
808 486 842 552 II
863 507 893 551 a.
916 485 976 552 137
995 486 1085 568 fasti.
1132 485 1253 550 Eodem
1283 508 1367 550 anno
1396 486 1579 551 Pannonias
1607 509 1668 573 pro

376 589 509 656 consule
537 591 622 654 rexit
649 589 772 654 nummi
799 589 833 653 in
863 609 975 653 aousa
1004 589 1152 672 maerenti
1173 585 1342 654 Pannonia
1361 587 1466 654 Colias
1493 611 1524 654 n.
1547 593 1656 655 24-33

376 697 397 762 6.
414 698 434 758 1
452 693 494 774 ef.
511 698 532 760 i.
548 695 597 770 15,
615 693 682 758 viia
696 696 726 770 3,
745 693 800 760 aii.
816 691 978 758 Hadrian.
993 696 1046 769 23,
1066 692 1103 756 id
1121 696 1166 756 esi
1184 694 1316 774 imperio
1326 691 1560 774 praemandari,
1577 691 1669 774 atrab

375 795 484 878 fuerat
515 795 643 862 Tiberio
672 799 702 860 et
729 794 919 861 Germanico
947 793 1105 877 Barabesi
1130 817 1199 879 opp.
1227 794 1320 861 VIII
1329 818 1366 878 p.
1390 800 1454 860 457
1477 795 1518 878 of.
1542 794 1669 860 titulum

376 897 425 984 [Τ.
442 898 572 982 Statilii]
595 898 731 962 Maximi
754 896 882 962 iuridioi
905 907 1134 983 propraetore
1157 899 1328 983 utriusque
1350 898 1536 962 Pannoniae
1551 897 1667 966 IIIS.

374 1005 488 1085 16336,
514 1022 604 1083 quem
627 1021 662 1066 eo
684 1021 811 1065 murae
832 999 961 1064 insolito
983 1001 1124 1082 sanetum
1147 1021 1212 1065 esse
1233 1001 1290 1066 aab
1313 999 1408 1066 Aelio
1431 999 1569 1066 Caesare
1589 999 1669 1064 uidit

379 1105 414 1172 Ο.
431 1102 628 1185 Hirschfeld.
662 1102 744 1169 Cum
759 1099 800 1168 de
817 1103 986 1189 provincia
1004 1102 1132 1184 (eodem
1154 1102 1253 1185 anno)
1277 1103 1412 1168 redisset
1433 1113 1531 1190 atque
1553 1104 1668 1168 oratio

375 1228 450 1272 nem
469 1215 629 1292 parasset,
661 1228 727 1292 qua
747 1205 898 1271 kalendis
920 1205 1083 1270 Ianuariis
1105 1200 1273 1270 Hadriano
1296 1207 1379 1290 patri
1403 1206 1523 1288 gratias
1545 1218 1669 1290 ageret,

374 1318 509 1396 accepta
537 1309 682 1396 potione,
714 1331 780 1395 qua
800 1332 835 1372 se
857 1308 1042 1373 aestimaret
1071 1309 1194 1388 iuvari,
1223 1307 1373 1373 kalendis
1402 1310 1481 1394 ipsis
1509 1309 1669 1374 Ianuariis

374 1435 403 1476 a.
429 1411 488 1477 138
512 1413 608 1498 periit
633 1401 805 1498 iussusque
827 1411 868 1476 ab
890 1410 1068 1495 Hadriano,
1100 1413 1177 1497 quia
1199 1421 1275 1476 vota
1303 1411 1569 1495 interveniebant,
1601 1434 1667 1476 non

374 1514 478 1599 lugeri
500 1515 568 1579 viia
589 1519 619 1592 4,
635 1519 712 1580 7-8.
750 1513 903 1601 Sepultus
925 1514 1029 1579 estin
1051 1513 1214 1579 mausoleo
1231 1514 1392 1579 Hadriani
1414 1514 1468 1579 ait.
1489 1514 1563 1579 Veri
1581 1519 1668 1591 11,1

374 1619 416 1699 es.
439 1621 461 1684 6.
480 1622 509 1682 6.
553 1617 741 1682 Hadrianus
763 1627 886 1682 statuas
909 1617 938 1681 ei
965 1611 1024 1704 per
1046 1626 1149 1682 totum
1170 1615 1281 1682 orbem
1304 1616 1443 1682 colossas
1465 1618 1542 1703 poni
1564 1619 1667 1701 iussit,

373 1717 495 1805 templa
520 1722 619 1784 etiam
648 1721 681 1784 in
708 1719 871 1785 nonnullis
901 1718 1037 1784 urbibus
1066 1721 1136 1784 fieri
1158 1721 1276 1798 oiia7‚
1299 1726 1328 1788 1.
1351 1757 1395 1768 -
1421 1720 1669 1801 Quindecimvir

375 1825 474 1887 saeris
495 1820 658 1888 faciundis
680 1827 702 1888 i.
725 1826 754 1888 1.

304 1957 308 1968 ·
438 1926 548 1993 Gener
570 1925 621 2008 (C.
644 1923 770 2010 Avidii)
800 1925 929 2009 Nigrini
959 1926 1014 1990 aii.
1036 1924 1278 2002 Hadriani23,
1301 1930 1342 1990 10
1369 1925 1452 2008 falso
1480 1930 1516 1990 ut
1543 1924 1669 1989 ridetur
1877 1964 1878 2015 i

369 2028 416 2110 of.
429 2013 530 2111 aspra
539 2029 572 2094 A
582 2033 671 2094 1169.
695 2028 826 2094 Liberi:
842 2028 881 2096 L.
895 2027 1048 2093 Ceionius
1061 2027 1256 2094 Commodus
1271 2029 1327 2114 qui
1342 2025 1454 2114 postea
1465 2028 1503 2096 L.
1513 2027 1668 2092 Aurelius

373 2130 480 2196 Verus
501 2130 682 2216 Augustus,
706 2130 842 2198 Ceionia
862 2130 974 2214 Fabia,
998 2129 1133 2196 Ceionia
1153 2129 1289 2196 Plautia
1795 2146 1798 2148 ’

438 2233 635 2300 Subieeimus
656 2239 788 2300 siermna
807 2233 1007 2301 Ceioniorum
1034 2232 1290 2301 Comrnodorum:

857 2369 891 2423 L.
910 2368 1044 2426 Ceionius
1062 2367 1231 2425 Commodus

963 2456 1017 2495 aas.
1036 2457 1063 2494 a.
1081 2445 1116 2496 78

897 2541 941 2584 cxi
957 2523 1052 2596 Appia
1070 2523 1178 2582 Severa

532 2593 1528 2712 ——ss—

531 2727 904 2855 L.oeiffiius03316modus
928 2729 1135 2900 h..[Plautia?]
1156 2767 1185 2883 ,1.
1204 2727 1236 2786 C.
1255 2727 1378 2785 Avidius
1398 2729 1534 2802 Nigrinus

673 2816 694 2856 a.
713 2817 739 2855 a.

1102 2895 1332 2938 ν-ὣ-κ

306 2989 309 2996 ,
374 2951 426 3020 L.
445 2951 580 3008 Ceionius
598 2951 770 3009 Commodus
839 2954 877 3010 M.
895 2952 1029 3009 Ceionius
1103 2951 1209 3008 Avidio
1226 2952 1343 3008 Plautia

420 3046 455 3068 -
471 3020 505 3076 L.
524 3021 625 3076 Aelius
642 3020 749 3077 Caesar
805 3020 905 3078 Civioa
923 3021 1067 3078 Barbarus

392 3092 1462 3193 —A—

394 3209 427 3266 L.
445 3208 579 3266 Ceionius
597 3209 766 3266 Commodus
842 3208 961 3266 Ceionio
978 3209 1069 3267 Fabia
1211 3211 1326 3267 Ceionio
1343 3210 1460 3265 Plautia

436 3302 471 3323 =
487 3277 522 3334 L.
541 3278 634 3334 Verus
652 3277 726 3349 Aug.
1142 3295 1185 3338 Ν
1203 3279 1237 3344 Q.
1255 3279 1395 3336 iim-vilius
1413 3279 1537 3336 Pudens.

434 3361 478 3406 Ν
495 3347 590 3402 Annia
608 3346 721 3402 Lucilla

308 3471 372 3537 504
393 3479 428 3538 1..
444 3476 616 3535 CEIONIVS
633 3478 838 3534 COMMODVS
854 3499 895 3522 =
911 3479 944 3534 L.
957 3479 1093 3534 AELIVS
1107 3478 1293 3535 AVRELIVS
1311 3479 1516 3535 COMMODVS
1531 3499 1572 3522 =
1586 3478 1665 3536 IMP.

373 3580 521 3636 CAESAR
542 3580 576 3636 1..
598 3579 787 3636 AVRELIVS
810 3581 933 3636 VERVS
955 3580 1158 3655 Avovsrvs
1183 3571 1268 3637 filius
1291 3573 1330 3638 L.
1347 3572 1472 3639 Ceionii
1495 3570 1667 3638 Commodi

372 3676 428 3761 qui
444 3672 487 3740 ab
501 3672 669 3739 Hadriano
685 3672 857 3762 adoptatus
872 3674 911 3742 L.
927 3673 1042 3740 Aelius
1059 3675 1179 3740 Caesar
1193 3675 1300 3740 dietus
1321 3686 1368 3740 est
1382 3677 1492 3753 vital,
1509 3675 1562 3740 aii.
1577 3673 1670 3739 Aelii

372 3781 405 3854 2,
422 3781 441 3841 9
448 3795 460 3855 ;
480 3778 511 3853 5,
527 3780 587 3853 12;
610 3779 683 3854 7,1,
705 3777 760 3841 ait.
782 3776 838 3841 Pii
854 3783 884 3854 4,
906 3781 936 3853 5,
959 3775 1026 3842 Dio
1043 3781 1092 3855 69,
1115 3781 1179 3856 21;
1198 3781 1247 3854 71,
1270 3782 1300 3846 1.
1351 3777 1437 3843 Anio
1466 3777 1667 3861 adoptionem

372 3879 411 3945 L.
429 3877 553 3943 Ceionii
567 3877 730 3972 Conunodi
740 3881 851 3964 patris
869 3879 986 3945 dieitur
1008 3879 1161 3946 Ceionius
1178 3879 1372 3946 Commodus
1384 3881 1668 3956 vu.Peruu.10,2

375 3979 578 4065 (quamquam
593 3981 641 4046 ibi
658 3983 753 4046 etiarn
769 3983 806 4048 de
816 3988 913 4066 patre
929 3984 1065 4066 aoyiiari
1072 3988 1199 4070 potest),
1217 3983 1255 4049 L.
1272 3982 1468 4049 Commodus
1482 3984 1536 4048 eii.
1553 3982 1668 4048 Marci

371 4089 400 4162 5,
417 4089 437 4149 1
446 4104 456 4163 ;
477 4089 505 4161 7,
522 4088 550 4149 6.
588 4084 667 4148 Post
689 4084 889 4167 adoptionem
904 4087 1015 4168 patris
1029 4085 1137 4150 eadem
1149 4087 1274 4150 ratione
1287 4090 1379 4168 atque
1393 4083 1540 4151 Ceionius
1555 4084 1667 4150 Fabia

373 4191 403 4251 et
417 4185 556 4250 Plautia
577 4204 701 4250 sermea
720 4207 833 4251 nomen
852 4185 1049 4269 qentilieium
1069 4208 1134 4252 non
1155 4187 1297 4264 mutarit,
1321 4187 1376 4252 sed
1390 4209 1419 4251 a.
1437 4191 1498 4252 138
1513 4188 1547 4252 in
1560 4187 1666 4270 maida

372 4288 500 4352 urbana
521 4287 708 4370 morotum
732 4293 777 4353 est
799 4311 840 4353 ex
861 4289 1019 4374 pr(aedis)
1035 4289 1074 4355 L.
1090 4289 1243 4373 Ce(ionii)
1267 4288 1464 4373 Com(modi)
1488 4289 1665 4374 C(aesaris)

252 4437 254 4444 ,
372 4388 462 4472 folii)
491 4389 593 4472 Nigro
624 4399 656 4454 et
683 4389 885 4475 Camerinlo)
916 4413 980 4458 eos.
1001 4391 1038 4456 X
1044 4391 1156 4458 V732.
1201 4393 1315 4475 [tumre
1344 4397 1401 4457 aut
1422 4397 1520 4475 pater
1549 4393 1666 4460 liberos

372 4497 445 4558 anie
460 4491 660 4576 adoptionem
675 4493 887 4577 unonemooii
902 4501 958 4560 aut
972 4494 1174 4573 Hadrianus,
1197 4500 1233 4560 ut
1252 4495 1384 4561 coniecit
1399 4496 1575 4561 Monesen
1593 4495 1613 4562 6.
1631 4493 1663 4573 l„

369 4599 499 4678 patrem
528 4595 592 4679 leae
622 4596 782 4680 sr'nqulari
810 4599 859 4662 ito
890 4598 1068 4682 adoptauit,
1099 4603 1136 4663 ut
1164 4598 1258 4663 liberi
1278 4619 1348 4663 arm
1368 4619 1433 4664 non
1453 4602 1664 4681 seminantur.

371 4696 553 4780 Adoptatus
574 4699 614 4763 ab
630 4697 794 4766 Antonino
813 4700 875 4766 Pio
895 4701 933 4767 L.
952 4700 1064 4767 Aelius
1075 4700 1230 4766 Aurelius
1252 4699 1448 4766 Commodus
1470 4701 1505 4766 in
1521 4705 1541 4766 i.
1556 4699 1664 4768 1147.

372 4803 462 4878 1643,
486 4801 552 4866 III
566 4805 659 4880 3843,
690 4801 781 4869 VIII
795 4807 846 4870 56.
869 4808 946 4882 228,
970 4804 1007 4869 X
1024 4806 1105 4871 5051
1124 4808 1179 4869 eto.
1203 4804 1278 4870 iiam
1307 4805 1342 4871 iu
1368 4803 1533 4872 annulata
1555 4803 1665 4886 prium

374 4923 405 4969 u.
419 4906 479 4969 154
493 4903 520 4969 Ι
520 4903 578 4970 GI
584 4909 678 4984 1952,
691 4907 790 4973 altero
806 4929 836 4975 a.
852 4911 917 4985 161,
939 4906 990 4971 VI
997 4911 1089 4974 1984.
1111 4907 1287 4991 Imperium
1302 4909 1433 4992 adeptus
1446 4909 1528 4995 Imp.
1544 4904 1668 4973 Caesar
