3758 5628
213 365 402 424 onsvmvs
860 357 923 428 877
1383 369 1569 429 onnvmvs

277 566 305 629 a·
326 566 384 648 qui
412 565 525 649 tenrpto
547 565 735 649 Aesculapii
756 565 951 650 Peryameuo
974 565 1170 649 praearmat),
1199 567 1284 650 quod
1309 567 1434 636 Gelono
1462 591 1573 636 utram

273 667 491 752 aladiatorium
512 667 752 744 mandaverant,
777 669 925 732 Labbeus
939 689 1010 732 aem
1030 668 1207 734 sacerdotes
1221 669 1295 735 illos
1311 681 1459 738 ‘annuos‘
1474 675 1573 757 fuisse

278 775 446 848 statueret,
473 769 631 836 aeuum
660 772 795 853 qtuiuque
823 791 914 835 seaoe
942 790 1044 836 auuos
1065 769 1217 854 Perqmui
1236 778 1395 838 omentum
1415 796 1480 841 esse
1502 799 1573 844 ιονι-

278 871 380 937 otueit.
412 872 479 938 Sed
494 893 592 956 aeque
609 871 646 937 id
666 877 748 938 oerte
769 893 808 938 ea
821 871 872 938 bis
887 871 1006 938 Galesi
1017 873 1121 938 uubis
1135 873 1281 958 eolliaere
1303 876 1374 942 lieet
1395 882 1425 942 et
1448 880 1574 946 obstare

277 975 401 1040 videtum
415 975 498 1040 alter
512 974 597 1040 laetas
613 975 740 1052 Geloni,
756 997 846 1058 quera
862 975 966 1040 uuae
980 975 1138 1054 Labbouq
1154 979 1219 1064 περὶ
1240 984 1300 1044 τῶν
1315 981 1373 1066 οὐχ
1390 983 1572 1068 ἑωραμένων

279 1076 465 1166 Ἱπποκράτει
486 1081 665 1146 ἐκπτώστων
688 1079 759 1144 imit.
781 1078 897 1145 XVII
913 1085 932 1144 1
947 1100 984 1161 ρ.
999 1083 1076 1144 347.·
1102 1080 1177 1166 μετὰ
1197 1083 1232 1146 τὸ
1258 1086 1430 1168 τριακοστὸν
1454 1084 1518 1158 ἔτος
1539 1085 1572 1153 ἐν

278 1180 386 1269 Ῥώμῃ
416 1182 557 1270 διέτριψα.
601 1182 648 1246 At
675 1181 734 1248 boo
762 1181 829 1248 loeo
858 1203 1022 1246 uumuum
1051 1203 1207 1247 auuomuu
1237 1190 1420 1267 corruptum
1449 1208 1514 1253 esse
1543 1194 1573 1255 et

276 1284 434 1350 Gatemm
455 1284 528 1350 mdo
551 1286 591 1349 ab
617 1283 748 1350 1561157
767 1304 864 1366 usque
893 1283 937 1349 ad
958 1305 988 1352 a.
1011 1285 1147 1352 1611162
1168 1284 1320 1370 Ρενραονι
1343 1288 1442 1370 fuisse
1463 1293 1573 1358 statim

277 1388 447 1472 apparebit
469 1409 508 1453 ea
528 1389 570 1452 iis
591 1408 672 1470 quae
694 1386 732 1451 de
753 1387 866 1452 itiuere
887 1385 1025 1452 Romam
1046 1386 1134 1468 facto
1156 1393 1237 1452 oerte
1258 1393 1397 1456 statuere
1419 1391 1499 1459 b'oet

342 1491 488 1556 Primum
518 1492 653 1556 Romam
684 1489 847 1574 profectus
878 1500 926 1555 est
953 1488 1015 1555 sub
1043 1490 1171 1556 initium
1202 1492 1328 1576 imperii
1357 1493 1403 1558 M.
1425 1495 1571 1564 Aurelii:

278 1595 382 1682 ἄρχειν
404 1593 575 1682 ἀρχομένου
598 1598 649 1659 τοῦ
671 1595 721 1659 καὶ
744 1599 793 1658 νῦν
817 1592 963 1679 ἄρχοντος
986 1589 1172 1659 Ἀντωνιίνου
1203 1593 1271 1676 abso
1296 1599 1360 1682 περὶ
1383 1598 1570 1685 ἀνατομικῶν

278 1699 480 1784 ἐγχειρήσεων
503 1701 533 1772 1,
556 1701 576 1760 1
601 1695 648 1760 Π
658 1717 694 1777 ρ.
716 1699 791 1761 215.
834 1695 917 1759 Tres
947 1716 1049 1759 annos
1080 1705 1156 1759 tuno
1181 1695 1303 1761 Romae
1333 1710 1475 1764 moratus
1505 1714 1569 1767 est:
1608 1705 1612 1712 '

278 1798 356 1866 ἔτεσι
385 1802 419 1865 bb
446 1801 534 1885 τρισὶν
557 1799 659 1869 ἄλλοις
688 1797 720 1863 ἐν
743 1795 851 1883 Ῥώμῃ
874 1799 1025 1884 διατρίψας
1048 1797 1213 1884 ἀρξαμένου
1235 1804 1288 1864 τοῦ
1311 1804 1443 1886 qia-sabos
1467 1807 1571 1890 λοιμοῦ

277 1909 464 1989 παραχρῆμα
478 1909 531 1987 τῆς
548 1901 668 1973 πόλεως
688 1900 814 1986 ἐξῆλθον
830 1901 897 1982 ipse
912 1903 977 1987 περὶ
990 1907 1050 1966 τῶν
1066 1901 1102 1965 lb.
1119 1901 1196 1987 βιβλ.
1211 1922 1235 1965 o.
1248 1907 1267 1966 1
1282 1907 1360 1969 extr.
1376 1903 1437 1970 XI
1440 1904 1471 1971 V
1472 1927 1509 1988 ρ.
1521 1913 1570 1985 15,

279 2005 376 2069 rediit
397 2015 505 2069 autem
528 2005 562 2068 in
584 2004 730 2090 patriam,
752 2003 822 2068 ὅταν
837 2001 1045 2087 ἐπυνθανόμην
1060 2005 1230 2070 πιττοῦσθαι
1250 2006 1303 2090 τὴν
1320 2009 1418 2072 στάσιν
1441 2004 1572 2087 (scilieet

278 2106 393 2173 bellum
408 2104 608 2187 Paratum)
630 2106 696 2188 ν’ροο
714 2107 780 2191 περὶ
801 2110 854 2170 τοῦ
876 2109 1086 2192 προγινώσκειν
1109 2124 1135 2169 o.
1154 2104 1322 2189 9X1Vp.
1333 2111 1403 2185 618,
1427 2119 1461 2175 et
1481 2120 1571 2176 ante-

278 2231 375 2297 quam
397 2208 437 2274 L.
458 2209 564 2274 Verus
587 2229 605 2271 e
630 2207 727 2292 Syria
751 2209 883 2271 Romam
906 2227 1055 2271 reversus
1077 2218 1162 2272 esset
1184 2210 1225 2289 os.
1246 2209 1343 2274 uerba
1366 2209 1485 2276 Gabeni
1506 2212 1526 2279 l.
1549 2212 1570 2279 l.

274 2334 311 2396 ρ.
332 2316 410 2377 649:
439 2311 514 2397 μετὰ
534 2309 643 2398 χρόνον
667 2308 694 2374 b’
713 2311 747 2376 οὐ
770 2311 845 2374 πολὺ
869 2308 1001 2393 (sedicet
1019 2315 1191 2392 postquam
1216 2312 1283 2394 ipse
1305 2312 1408 2377 Italia
1429 2317 1570 2398 euoessit)

278 2413 537 2502 ἐπανεληλυθότος
553 2418 604 2479 τοῦ
619 2413 746 2479 Λιοκίοο
760 2416 822 2478 κτλ.
845 2409 938 2477 Bello
954 2416 1058 2476 autem
1072 2411 1227 2478 Portbieo
1241 2414 1381 2496 ooufeoto
1397 2438 1427 2482 a.
1440 2423 1572 2485 1641165

277 2519 316 2582 L.
333 2515 446 2581 Vermu
456 2515 594 2581 Romam
607 2535 762 2580 remeasse
776 2537 807 2583 a.
820 2519 880 2580 166
894 2519 924 2580 et
938 2514 1044 2580 eodem
1059 2535 1144 2582 ονιιιο
1159 2536 1229 2580 oum
1242 2517 1347 2598 fratre
1362 2521 1571 2603 triumphasse

279 2641 349 2684 eum
371 2640 409 2684 ea
431 2619 507 2684 aliis
529 2619 716 2684 auiuentis
738 2623 803 2682 tmu
818 2637 855 2682 eu
871 2616 950 2700 dipl.
963 2617 1030 2682 mit.
1045 2618 1113 2684 III
1122 2617 1158 2683 S.
1166 2639 1204 2700 ρ.
1215 2624 1297 2685 1991
1312 2623 1483 2688 certissime
1498 2643 1570 2690 eou-

273 2728 348 2790 etot.
386 2723 500 2806 itaque
522 2721 664 2787 Goleuue
685 2719 823 2786 Romam
844 2742 875 2785 a.
895 2725 960 2787 162
980 2722 1065 2788 veuit
1087 2725 1118 2786 et
1142 2722 1189 2785 ibi
1210 2743 1241 2786 a.
1261 2727 1407 2790 163-165
1428 2733 1571 2793 moratum

278 2848 308 2894 a.
328 2830 389 2892 165
405 2830 533 2891 mauide
553 2824 601 2890 uel
624 2827 732 2889 α.166
752 2825 935 2890 iuuentem
951 2825 1098 2908 patriam
1118 2830 1257 2890 reuectus
1279 2831 1334 2893 est.
1373 2826 1475 2893 Paulo
1498 2844 1572 2916 post

165 2929 169 2938 '
276 2951 376 3015 quam
399 2930 538 3015 primum
555 2928 690 2993 Romam
709 2925 851 3008 advenit,
874 2925 988 2990 Flavio
1007 2925 1141 3009 Boetho,
1162 2927 1275 3011 Sergio
1291 2928 1403 3012 Paulo,
1421 2929 1570 3014 (Ceionio

278 3031 407 3110 Civica)
424 3031 571 3097 Barbara
593 3031 661 3114 (qui
682 3051 712 3094 a.
728 3034 789 3094 161
806 3031 842 3093 iu
857 3028 1007 3093 orientem
1021 3029 1188 3112 profectus
1203 3035 1248 3094 est
1262 3030 1304 3112 ef.
1320 3051 1421 3114 aspra
1441 3054 1472 3102 u.
1484 3035 1568 3118 500),

276 3132 414 3200 Claudio
431 3133 562 3216 Seram,
586 3134 668 3196 viris
688 3131 883 3214 clarissimis,
901 3130 1191 3196 demonstrationes
1205 3137 1402 3198 anatomioas
1419 3135 1569 3203 exhibuit

278 3237 383 3323 iisque
399 3235 601 3302 familiariter
617 3237 664 3300 uti
681 3236 788 3320 coepit
801 3237 868 3322 περὶ
882 3239 935 3299 τοῦ
949 3239 1164 3322 προγινώσκειν
1185 3254 1212 3298 o.
1227 3241 1252 3300 2
1269 3235 1363 3300 XIV
1372 3259 1409 3319 ρ.
1425 3242 1490 3305 612
1504 3261 1568 3323 sqq.

340 3340 473 3405 Litteris
493 3341 723 3425 imperatorum
738 3337 870 3417 (scilieet
883 3336 995 3401 Maru
1008 3341 1038 3402 et
1055 3336 1139 3424 Veri)
1155 3335 1310 3423 Aquileia
1324 3338 1408 3404 datis
1425 3340 1569 3408 Galenus

275 3443 309 3507 in
323 3441 452 3508 Italiam
467 3452 639 3507 revocatus
654 3463 713 3527 per
727 3439 902 3505 Thraciam
917 3449 950 3503 et
964 3437 1189 3504 Macedoniam
1206 3441 1320 3504 itinere
1336 3440 1420 3506 facto
1436 3442 1491 3526 (of.
1503 3449 1570 3532 aspi

274 3551 334 3611 τῶν
350 3547 455 3612 ἁπλῶν
466 3548 635 3634 φαρμάκων
649 3547 734 3610 σονθ.
748 3548 778 3620 9,
790 3540 944 3624 2ΧΙΙρ.
955 3545 1027 3626 171)
1039 3541 1100 3607 sub
1115 3543 1245 3606 initium
1259 3541 1374 3610 hiemis
1389 3547 1569 3614 61681169

276 3647 372 3734 paulo
402 3657 478 3712 ante
506 3669 605 3733 quam
634 3646 674 3711 L.
698 3644 804 3711 Verus
833 3653 1015 3709 moreretur
1037 3643 1105 3726 (qui
1126 3644 1292 3726 defamatus
1312 3650 1357 3710 est
1378 3668 1481 3714 meuse
1502 3651 1569 3731 fere

275 3751 480 3818 Ianuariae.
490 3755 552 3816 169
567 3749 608 3832 of.
621 3769 721 3832 surpra
728 3747 859 3831 osso),
875 3745 1061 3833 Aquileiam
1072 3748 1179 3828 venit3
1196 3747 1283 3812 unde
1298 3758 1388 3833 peste
1401 3763 1569 3832 grassante

272 3853 371 3941 paulo
400 3863 474 3940 post
495 3853 574 3916 Veri
604 3862 740 3916 mortem
763 3852 898 3916 Romam
928 3871 963 3913 se
993 3849 1130 3914 eontulit
1161 3853 1225 3936 aspi
1250 3857 1309 3917 τῶν
1336 3853 1373 3916 lb.
1397 3854 1472 3940 βιβλ.
1496 3860 1569 3920 ο.2

274 3955 367 4022 xlx
379 3979 416 4040 p.
434 3960 483 4023 rs.
1163 3946 1170 3958 '

338 4059 430 4126 Haeo
444 4080 525 4143 quae
540 4057 577 4124 de
593 4057 713 4125 Gabeni
725 4055 893 4121 itineribus
907 4075 946 4120 ee
959 4054 1062 4120 uerbis
1083 4055 1184 4138 ipsius
1204 4056 1383 4133 statuimus,
1407 4055 1518 4122 dooeut
1539 4064 1569 4124 et

275 4163 440 4229 Lubbeum
454 4184 491 4246 ρ.
503 4167 533 4228 6.
550 4167 572 4226 7
587 4181 720 4236 errasse,
737 4179 806 4224 mm
820 4157 978 4224 Gaterutm
985 4159 1129 4241 ρικῗιιιιωι
1142 4159 1232 4222 iutra
1247 4163 1435 4224 o.164-1or
1445 4159 1569 4226 Romae

273 4267 391 4349 fuisse,
422 4264 494 4330 dein
522 4285 607 4330 mmo
628 4267 691 4329 166
710 4263 747 4328 iu
761 4261 909 4345 pariam
930 4261 1077 4337 rediisse,
1107 4261 1221 4325 iterum
1243 4283 1273 4326 a.
1296 4265 1356 4325 169
1378 4263 1413 4326 iu
1434 4261 1569 4328 Italiam

270 4368 455 4452 profectum
483 4387 547 4432 esse
569 4369 713 4449 poneret,
743 4369 773 4428 et
795 4384 968 4447 pomerum
987 4362 1186 4428 Olmtouium
1208 4362 1285 4428 zoes
1305 4383 1406 4446 stupro
1427 4362 1569 4428 laudatis

273 4472 438 4554 seripu'eee
457 4468 615 4536 Galerium
637 4469 694 4534 surb
717 4467 798 4532 diois
819 4466 979 4548 fratribus
1001 4466 1066 4530 tria
1089 4467 1208 4530 itiuera
1229 4467 1264 4530 ia
1284 4465 1419 4530 Italiam
1446 4466 1567 4547 fecisse,

273 4575 417 4658 pmmum
435 4572 573 4637 Romam
596 4593 626 4636 a.
643 4575 708 4639 162
728 4570 899 4646 aduenisse,
922 4568 995 4633 deiru
1015 4569 1130 4633 iterum
1151 4567 1267 4647 (ueseio
1287 4567 1382 4650 made)
1402 4569 1437 4632 iu
1458 4569 1569 4633 urbem

274 4695 432 4742 reuersum
461 4675 509 4740 ibi
528 4696 592 4758 per
620 4695 650 4741 a.
672 4677 821 4739 161-167
839 4676 999 4735 moratum
1027 4691 1092 4736 esse
1120 4677 1150 4736 et
1174 4672 1301 4737 tertimu
1323 4692 1354 4735 a.
1376 4672 1510 4736 1681169
1533 4671 1569 4736 iu

275 4778 412 4844 Italiam
430 4778 572 4843 rediisse.
616 4773 702 4842 Vnde
718 4796 821 4859 porro
841 4776 982 4858 sequitur
1001 4777 1031 4839 et
1060 4795 1179 4839 ωιιιιιιιιι
1206 4773 1347 4838 νιαλαλσιιι
1374 4772 1493 4838 Galerii
1513 4775 1570 4856 quui

273 4881 367 4965 uulua
388 4883 542 4946 statuitur
563 4878 732 4944 seeundum
753 4877 917 4943 Labbeum
939 4899 969 4941 a.
993 4882 1063 4954 131,
1094 4898 1116 4942 a
1138 4875 1299 4943 Otuutouio
1321 4898 1352 4944 a.
1375 4881 1445 4952 130,
1469 4877 1567 4940 oorri

272 4983 409 5070 yeudtun
425 5003 498 5051 esse.
541 4981 685 5048 Galama
707 4982 789 5046 euim
810 4981 937 5063 ambissit
958 4984 1023 5068 πιρὶ
1045 4985 1103 5046 τῶν
1118 4981 1155 5045 lb.
1171 4981 1247 5069 βιβλ.
1263 4985 1328 5046 at
1349 4979 1420 5046 imit.
1441 4980 1567 5064 ἐπανῆλ-
