3732 5622
161 349 346 408 cunvulvs
460 409 464 420 ,
806 343 866 410 401
1330 353 1517 410 cunvmvs

160 547 223 612 818
247 548 461 630 cL(AVDIVS)
492 556 747 614 STRATONIGVS
775 548 905 630 publice
933 547 1106 614 honoratus
1133 553 1154 614 t.
1184 549 1371 616 Aeeanitieo
1400 549 1518 615 Lebas·

228 648 443 732 Waddinpton
456 654 519 715 884
532 680 573 703 =
592 649 899 715 amassariciis.
917 673 953 734 p.
969 655 1059 728 1067,
1083 652 1139 734 qui
1153 651 1316 717 dedicatis
1335 657 1380 716 est
1398 674 1519 740 στρατη-

225 757 345 838 γοῦντος
366 755 400 818 τὸ
425 751 452 840 β’
476 751 533 818 Κλ.
557 749 794 838 Ἀπολλιναρίους
824 753 906 818 idem
936 752 1028 818 bomo
1056 755 1193 818 recmrit
1222 755 1257 819 in
1286 759 1308 820 t.
1329 753 1519 821 Aesonitico

224 855 574 940 Lebm-Waddmptou
595 860 657 922 874
679 886 720 910 =
743 855 824 922 CIG
845 860 930 921 3838
950 856 1063 921 Addit.
1080 861 1213 940 p.1065
1226 859 1335 942 posito
1357 879 1386 925 α.
1403 862 1474 923 196.

289 957 426 1041 Origine
441 957 660 1038 damnificos,
684 958 796 1023 eonsul
816 960 864 1024 tit.
881 957 1044 1041 (suffectus
1066 980 1150 1026 anno
1173 961 1292 1026 incerto
1314 960 1430 1025 aetatis
1450 961 1518 1043 [ere

225 1057 386 1126 Omnnrodi
406 1060 455 1125 uel
476 1061 625 1145 Septima
645 1061 774 1144 Severi).
797 1099 841 1108 —-
861 1061 1040 1127 Stratonici
1063 1063 1245 1144 nescioqui
1266 1063 1467 1128 inverrirmtur
1488 1067 1519 1127 et

224 1163 259 1227 in
281 1163 509 1230 6116666ιὶ4666
533 1165 644 1230 mutilo
664 1163 1011 1248 Libas-Waddinpton
1030 1169 1093 1231 838
1114 1195 1156 1219 =
1179 1163 1261 1232 OIG
1281 1169 1364 1231 3846
1370 1165 1417 1232 675
1430 1164 1516 1232 466.

220 1285 257 1346 p.
281 1268 373 1330 1079.

157 1385 222 1449 819
246 1385 459 1466 0111711178)
483 1395 736 1468 SVLPIOIANVS,
761 1409 844 1451 unus
866 1388 1039 1473 expueris
1062 1389 1241 1472 senatoriis,
1265 1387 1320 1472 qui
1339 1385 1517 1454 Arvalibus

223 1487 493 1552 ministraverunt
507 1511 592 1553 anno
609 1489 670 1554 183
693 1488 744 1554 VI
753 1493 850 1556 2099.
889 1489 944 1555 Vel
957 1490 1041 1556 idem
1055 1489 1101 1555 vel
1114 1489 1202 1574 filim
1217 1491 1283 1555 eius
1298 1491 1353 1574 qui
1366 1491 1515 1574 sequitur.

156 1606 223 1671 820
245 1603 402 1670 Claudius
426 1604 650 1692 Sulpicianus,
675 1606 770 1672 homo
794 1607 910 1673 nobilis
932 1607 974 1674 ab
997 1610 1191 1694 imperatore
1213 1609 1371 1694 Septimio
1394 1608 1516 1675 Severo

224 1709 350 1773 occisus
372 1710 427 1775 vit.
449 1709 558 1783 Severa·
578 1715 627 1786 13,
650 1715 679 1776 4.

154 1831 218 1896 821
243 1839 291 1895 TI.
322 1831 536 1913 GL(AVD1VS)
570 1840 759 1895 SVLPICIVS
794 1839 989 1914 musve,
1024 1828 1222 1895 clarissimus
1256 1831 1308 1894 vir
1339 1829 1375 1896 in
1407 1828 1518 1914 fienda

221 1932 377 2016 plumbea
398 1934 532 2017 oripmis
552 1934 692 1998 incertae
714 1933 884 2010 Lanciani,
906 1933 1024 2017 syllope
1046 1934 1184 2016 aquaria
1206 1955 1237 1998 n.
1252 1937 1323 2000 495.

154 2054 220 2118 822
244 2062 321 2120 ΙΜΡ.
354 2061 501 2118 CAESAR
530 2063 569 2120 M.
600 2063 784 2118 CLAVDIVS
815 2062 972 2118 TAOITVS
996 2063 1199 2120 AVGVSTVS.
1251 2053 1358 2119 Plena
1385 2053 1517 2118 nomina

219 2155 365 2220 inhibent
387 2157 483 2222 tituli
495 2157 698 2240 imperatoris
719 2157 906 2240 nutrimiaue,
930 2157 1063 2222 Tacitus
1086 2157 1174 2240 apud
1192 2159 1373 2241 scriptores.

286 2257 456 2341 Originem
485 2259 613 2325 trahere
636 2259 739 2327 voluit
763 2281 806 2324 ex
826 2257 978 2324 Cornelio
1001 2259 1115 2324 Tacito
1137 2281 1246 2324 rerum
1269 2261 1427 2345 scriptore
1448 2255 1517 2321 vita

221 2367 272 2438 10,
294 2366 325 2426 3.
376 2361 490 2428 Mense
517 2361 701 2448 Septembri
731 2363 985 2442 resuscitare,
1008 2367 1036 2426 6.
1080 2361 1198 2428 Cmrsul
1219 2361 1244 2426 I
1259 2360 1410 2440 aeffectum
1432 2379 1516 2423 anno

219 2465 348 2541 incerto,
372 2462 549 2530 consuleris
573 2464 679 2530 Victor
702 2464 793 2531 0663.
814 2470 863 2548 36,
887 2470 916 2533 1.
961 2463 1070 2530 Senex
1099 2475 1172 2550 post
1203 2463 1371 2531 Aureliani
1403 2481 1515 2526 necem

219 2588 305 2631 anno
327 2567 390 2632 275
415 2589 435 2630 a
455 2577 570 2632 senatu
600 2569 776 2653 imperator
803 2564 922 2632 electus
952 2576 985 2631 et
1005 2590 1027 2633 a
1048 2565 1206 2632 militibus
1227 2567 1358 2652 agnitus
1380 2575 1429 2630 est
1449 2565 1516 2627 cita

216 2673 295 2734 3-8.
331 2668 757 2752 consuluissemus.
803 2668 925 2735 Contra
947 2668 1073 2738 Gothos
1095 2669 1260 2756 profectus
1282 2667 1409 2734 insidiis
1431 2664 1514 2731 mili-

215 2769 340 2838 taribus
357 2773 480 2837 occisus
497 2781 545 2838 est
559 2772 706 2838 Zosinms
720 2777 749 2850 1,
765 2776 815 2850 63,
835 2772 902 2837 rita
917 2776 966 2851 13,
981 2776 1011 2851 5,
1034 2783 1071 2839 ut
1091 2771 1146 2837 elii
1165 2771 1280 2838 dieunt
1293 2781 1386 2836 sexto
1401 2790 1512 2834 menso

216 2873 331 2940 morbo
359 2875 427 2939 nita
454 2875 716 2956 ibd.cf.16,1;
745 2873 965 2940 ducentesima
994 2876 1085 2958 regni
1111 2873 1184 2940 luce
1206 2875 1343 2962 Tyanae
1363 2881 1511 2938 mortuus

221 2977 329 3044 Victor
351 2975 441 3044 aaa.
467 2980 517 3054 36,
543 2981 585 3056 2,·
617 2978 703 3042 intra
730 2987 858 3042 sextum
888 2998 1030 3042 mensem
1057 2987 1203 3042 mortuus
1230 2977 1367 3060 Eutrop.
1394 2981 1424 3051 9,
1452 2978 1493 3038 16
1500 2993 1510 3052 ,·

216 3079 436 3144 ducentesimo
457 3079 584 3165 imperii
607 3078 660 3144 die
682 3080 770 3164 apud
791 3080 932 3145 Tarsum
953 3078 1037 3144 febri
1062 3089 1208 3144 mortuus
1229 3079 1378 3164 Epitome
1398 3081 1448 3155 36,
1472 3081 1510 3154 1;

217 3180 304 3268 apud
327 3182 467 3247 Pontum
497 3183 622 3246 occisus
652 3182 802 3265 regnavit
830 3203 954 3247 menses
982 3203 1040 3246 sex
1069 3182 1253 3266 [lieronym.
1282 3181 1388 3246 ebron.
1412 3178 1456 3245 66
1477 3199 1508 3244 a.

214 3285 297 3351 Abr.
323 3287 412 3350 2293
441 3313 482 3338 =
511 3282 628 3352 Eruci.
651 3283 781 3350 Amen.
804 3289 891 3351 2294
920 3289 971 3370 (ec
999 3283 1194 3369 Hieronymo
1222 3285 1354 3352 Orosius
1382 3288 1411 3360 7,
1434 3280 1510 3363 24);

215 3385 417 3453 amilitibus
439 3386 564 3451 occisus
587 3387 671 3452 οὔπω
695 3387 823 3474 ἕβδομον
848 3393 926 3473 μῆνα
949 3388 1029 3474 παρὰ
1056 3396 1094 3476 τῇ
1119 3390 1252 3475 βασιλείᾳ
1282 3386 1401 3464 ἀνύσας,
1432 3384 1510 3451 κατὰ

215 3490 249 3556 δέ
270 3514 351 3561 τινας
374 3491 415 3574 μὴ
439 3489 528 3561 ὅλους
549 3490 601 3554 δύο
623 3489 774 3561 ἐνιαυτούς
790 3489 939 3554 Zonaras
955 3496 1008 3566 12,
1024 3493 1069 3556 28
1091 3495 1189 3568 eatr.;
1211 3490 1361 3573 regnavit
1381 3509 1507 3552 menses

213 3601 286 3658 ooto
308 3590 378 3655 dies
400 3589 571 3655 duodecim
592 3589 871 3674 Obronoyrapbus.

277 3693 402 3770 Annus,
432 3713 494 3775 quo
516 3692 646 3758 Tacitus
674 3694 848 3777 imperator
869 3699 994 3760 creatus
1015 3699 1070 3772 est,
1096 3700 1219 3760 emutat
1240 3715 1304 3778 per
1325 3693 1507 3760 consulatus

212 3817 370 3863 annonem
391 3799 456 3862 275
477 3800 508 3861 et
528 3800 610 3874 276,
638 3795 695 3862 illo
724 3796 805 3861 enim
827 3795 1024 3862 Aurelianus
1054 3798 1162 3862 emunt
1190 3796 1265 3875 VH,
1295 3795 1353 3862 troc
1380 3796 1508 3862 Tacitis

212 3897 322 3967 consul
332 3897 456 3981 Hsuit.
471 3897 651 3963 Aureliano
662 3904 766 3963 mitem
776 3899 941 3982 septimmn
953 3919 1071 3964 annmn
1083 3901 1227 3965 tribuant
1236 3899 1357 3964 nummi
1366 3898 1507 3964 Alcman

211 4003 301 4069 cirini
328 4001 430 4084 ipsius
458 4021 522 4066 non
550 4001 631 4078 rari,
661 3999 829 4068 Seuerinae
852 4001 1007 4085 permulti
1035 4004 1076 4084 ct.
1098 4023 1158 4067 von
1178 4000 1295 4080 Sallet,
1321 4000 1430 4067 Daten
1452 3999 1507 4066 der

211 4101 510 4172 aleaandrimscben
525 4103 779 4169 Kaisermr'c'nren
794 4125 830 4186 p.
847 4109 898 4170 31.
938 4103 1024 4170 Vnde
1039 4105 1178 4189 efficitur
1191 4125 1255 4170 non
1277 4108 1350 4169 mite
1371 4123 1507 4168 manem

209 4205 423 4292 Septembrem
451 4205 675 4272 Alexandreae
708 4207 812 4273 Taciti
840 4207 1018 4273 electionem
1045 4209 1203 4291 capnitam
1232 4227 1305 4273 6336.
1360 4205 1506 4272 Tacitmn

211 4315 316 4376 autem
338 4329 392 4374 366
413 4313 565 4391 septemve
587 4329 706 4374 mames
726 4310 898 4393 imperasse
916 4314 1048 4393 praeter
1074 4310 1251 4376 testimonia
1277 4329 1377 4392 suipra
1402 4307 1506 4374 allata

210 4436 245 4480 eo
277 4412 488 4494 confirmatur
512 4411 596 4494 quod
620 4410 800 4478 Floriamss
831 4433 901 4477 vere
933 4413 1001 4494 fere
1032 4414 1158 4478 ineunte
1187 4435 1217 4481 a.
1246 4417 1312 4478 276
1337 4412 1505 4496 inperium

210 4515 344 4598 uenrpsd
366 4514 406 4594 ef.
422 4513 454 4577 Α
469 4515 532 4578 488
554 4518 584 4578 et
604 4517 700 4580 1233.
739 4515 853 4597 Itaque
873 4535 980 4579 nemun
1001 4535 1065 4580 esse
1080 4520 1187 4599 potest
1206 4514 1291 4597 6606
1311 4513 1505 4598 bioprcpbus

209 4618 263 4682 nit.
287 4621 344 4694 13,
367 4620 388 4680 6
414 4616 544 4698 scripsit
572 4615 722 4681 Tacitum
750 4639 860 4681 menso
890 4616 1083 4702 Septembre
1112 4618 1336 4703 imperatorem
1364 4616 1503 4682 electum

210 4741 297 4801 esse,
328 4718 384 4783 sed
411 4738 485 4783 cave
513 4739 552 4783 ne
582 4720 663 4783 actis
684 4724 812 4784 senatus
833 4741 864 4784 a.
887 4718 917 4784 6.
945 4719 1016 4784 VII
1034 4719 1098 4784 isal.
1121 4720 1246 4790 Octobr.
1268 4719 1333 4785 ibd.
1352 4724 1383 4797 3,
1399 4725 1423 4785 2
1437 4739 1501 4802 sqq.

210 4821 304 4905 lidan
318 4819 447 4897 666663,
470 4842 551 4902 quae
569 4822 761 4905 bioyrapirus
776 4823 900 4887 annino
910 4823 1046 4906 proprio
1062 4823 1173 4888 Marte
1188 4823 1347 4908 confineit.
1386 4823 1502 4903 96666-

208 4943 304 5006 quarn
326 4927 431 4988 amera
453 4921 573 5006 aliqum
594 4923 800 4990 hebdomades
822 4925 1032 4992 intercessisse
1045 4925 1217 5009 probabile
1239 4929 1284 4991 est
1298 4925 1381 4991 mter
1397 4945 1501 4990 necem

198 5031 412 5087 hosammont»
423 5031 486 5087 unp.
501 5031 570 5076 nom.
597 5032 618 5077 s
1262 5027 1297 5087 26
