3732 5630
202 316 392 390 amanis
1031 359 1036 369 ·
1301 286 1323 367 κ’
1368 334 1555 428 insumus

333 533 534 598 Hemesenus
550 531 670 597 Iulian.
691 530 780 596 Caes.
791 553 827 613 p.
842 531 953 607 313A‚
969 530 1131 597 Ammian.
1144 535 1197 608 26,
1214 537 1242 609 6,
1258 517 1320 610 29;
1342 531 1493 596 sacerdos
1507 530 1558 594 dci

269 633 439 718 Elagabuli
455 632 630 700 Herodian.
653 637 718 709 5,3
741 632 826 716 (inda
842 632 960 716 pendet
979 635 1033 696 cn't.
1059 633 1206 699 Macrini
1227 632 1269 717 9),
1293 635 1360 698 vita
1382 640 1411 711 1,
1426 636 1455 710 5,
1479 633 1559 715 Epi·

269 741 349 801 tante
364 741 416 814 23,
432 741 465 813 2,
488 735 623 817 Eutrop.
642 738 673 812 8,
687 739 744 802 22.
780 734 967 818 (Perperarn
981 735 1109 799 academ
1126 741 1285 801 auctorem
1303 738 1401 801 secuti
1417 738 1560 817 reserant

268 841 335 903 uita
356 844 389 914 2,
411 844 433 903 3
463 844 493 903 ct
522 837 629 904 Victor
658 835 746 903 Caes.
769 842 864 916 23,1
896 839 1030 902 Avitum
1061 849 1133 924 post
1162 837 1350 903 Caracallus
1383 861 1495 902 necem
1527 841 1558 902 in

269 939 476 1024 Heliogabali
507 939 723 1004 sacerdotium
747 949 910 1025 tamquam
935 939 1062 1024 asylum
1085 939 1292 1024 confugisse.)
1338 942 1469 1007 Annum
1493 942 1560 1005 fera

269 1053 420 1129 quartum
455 1043 617 1107 decimum
649 1063 749 1126 agens
781 1063 838 1128 per
870 1043 1023 1127 Gannym
1060 1041 1265 1108 educatorem
1300 1055 1332 1109 et
1365 1044 1559 1128 (Valerium)

269 1145 511 1230 Eutychianum
534 1147 646 1210 castris
668 1146 824 1228 romanis,
848 1167 932 1231 quae
955 1167 1055 1231 prope
1079 1145 1253 1210 Hemesam
1277 1157 1385 1229 crant,
1412 1146 1520 1212 illatus
1541 1170 1560 1211 a

266 1247 423 1314 militibus
438 1249 491 1313 die
508 1249 548 1314 16
563 1249 683 1312 mensis
698 1248 765 1312 Mai
781 1269 810 1312 a.
827 1248 889 1312 218
912 1249 1088 1334 imperator
1101 1247 1282 1334 appellatus
1306 1259 1355 1313 est
1369 1247 1434 1314 Dio
1451 1253 1501 1326 78,
1516 1255 1557 1314 31

269 1352 338 1436 (nbi
365 1352 482 1417 lacuna
511 1351 627 1418 coelicis
655 1349 802 1439 Gannyis
830 1371 942 1416 nornen
963 1352 1098 1434 periisse
1128 1351 1214 1416 docet
1235 1350 1302 1415 Dio
1326 1356 1373 1428 79,
1397 1357 1417 1416 9
1445 1352 1559 1416 collato

271 1458 320 1532 78,
335 1455 407 1537 38);
429 1453 473 1519 ad
488 1454 622 1520 Maesac
646 1453 811 1518 cnsilium
832 1472 883 1518 res
900 1454 1040 1535 refertur
1056 1453 1145 1535 apud
1157 1452 1333 1518 Herodian.
1348 1459 1378 1530 5,
1394 1459 1423 1530 3,
1441 1459 1480 1518 10
1495 1474 1560 1536 sqq,

268 1556 373 1622 Filius
395 1557 553 1622 Antonini
577 1555 765 1638 (Caracalli)
790 1577 832 1620 ex
861 1567 973 1642 stupro
997 1553 1198 1621 Soaemiadis
1227 1557 1356 1639 genitus
1378 1556 1498 1622 dicitur
1527 1569 1560 1622 et

267 1660 313 1725 Μ.
329 1659 482 1725 Aurelius
498 1659 682 1724 Antoninus
704 1669 912 1744 nuncupatur
930 1657 1005 1735 Dio,
1029 1657 1206 1724 Herodian.
1230 1657 1295 1737 (ut.
1317 1658 1471 1743 Macrin.)
1495 1661 1514 1728 l.
1539 1659 1558 1724 l.

268 1765 309 1846 cf.
327 1765 382 1832 or't.
398 1761 580 1846 Elagabali
592 1767 625 1838 2,
652 1761 819 1826 Caracalli
839 1767 869 1839 9,
886 1766 919 1838 2,
944 1761 1049 1826 Victor
1069 1759 1227 1839 Caeatd,
1243 1766 1272 1838 1,
1296 1761 1444 1844 Epitonre
1457 1767 1510 1840 23,
1529 1770 1557 1839 1,

267 1867 404 1950 Eutrop.
420 1870 451 1943 8,
468 1871 525 1932 22.
563 1864 616 1931 Ab
633 1866 707 1930 avia
726 1875 758 1930 ct
779 1875 883 1929 matre
898 1863 1027 1929 adiutus
1043 1886 1143 1951 opera
1155 1863 1304 1949 Ganuyis
1320 1863 1413 1929 ducis
1428 1863 1558 1951 proelio,

268 1971 320 2035 cui
345 1971 413 2056 ipse
436 1969 593 2050 interfuit,
618 1989 720 2054 prope
741 1966 947 2032 Antiochiam
970 1965 1022 2030 die
1045 1967 1064 2031 8
1088 1967 1206 2030 mensis
1229 1967 1314 2031 Iunii
1337 1989 1365 2030 a.
1392 1968 1454 2033 218
1476 1989 1558 2032 com-

267 2073 365 2137 misso
397 2071 579 2136 Macrinum
609 2071 687 2134 vicit
714 2069 779 2134 Dio
812 2073 859 2152 78,
889 2073 997 2135 38-39
1027 2068 1189 2149 (Zonaras
1216 2068 1354 2152 12,13),
1384 2071 1559 2139 Herodian.

266 2177 296 2252 5,
318 2179 348 2252 4,
368 2177 390 2238 5
410 2193 474 2257 sqq.
519 2172 650 2237 Victum
681 2182 713 2236 et
738 2169 835 2258 paulo
864 2181 937 2257 post
966 2181 1095 2257 captum
1126 2171 1245 2236 occidit
1272 2171 1338 2237 Dio
1366 2176 1419 2249 78,
1441 2177 1558 2251 39-49,

266 2276 443 2343 Herodian.
473 2281 502 2354 5,
532 2281 562 2353 1,
589 2280 689 2341 9-12.
738 2273 943 2339 Antiochiam
979 2275 1144 2356 ingressus
1178 2274 1302 2340 litteras
1335 2276 1377 2339 ad
1411 2286 1560 2342 senatum

266 2377 488 2466 populumque
524 2399 694 2442 romanum
730 2377 837 2458 dedit,
876 2375 994 2462 quibus
1030 2379 1099 2462 ipse
1137 2381 1205 2442 siue
1248 2388 1379 2444 senatus
1413 2378 1560 2446 consulto

228 2519 232 2524 -
268 2483 512 2568 imperatorem,
538 2480 726 2562 Caesarem,
751 2480 908 2545 Antonini
931 2479 1051 2562 tilium,
1077 2480 1189 2545 Severi
1213 2491 1378 2568 nepotem,
1410 2483 1505 2547 Pium
1528 2493 1560 2546 et

266 2583 408 2650 Felicem
439 2593 471 2648 et
491 2583 685 2667 Augustum,
712 2581 937 2668 proconsulem
968 2593 1000 2646 et
1030 2581 1204 2647 tribunicia
1235 2593 1394 2670 potestate
1420 2607 1454 2648 se
1477 2583 1561 2648 dixit

267 2686 332 2754 Dio
363 2691 413 2764 79,
435 2692 468 2753 2.
521 2686 633 2750 Mense
661 2683 747 2750 Iulio
776 2686 902 2749 ineunte
931 2684 1053 2749 Rornae
1083 2687 1226 2768 agnitam
1255 2706 1320 2751 csse
1349 2685 1458 2752 docent
1487 2692 1560 2751 acta

267 2789 502 2874 cooptationurn
531 2787 688 2854 sodalium
715 2789 1008 2853 Antoninianornrn
1044 2787 1096 2852 VI
1115 2793 1202 2853 2991
1234 2793 1264 2853 et
1296 2789 1494 2854 sacerdotnm
1525 2791 1560 2854 in

269 2891 344 2958 aede
365 2891 452 2956 [aa
474 2890 730 2973 Repugnatoris
758 2891 1009 2967 consistentium,
1038 2890 1096 2954 abi
1123 2889 1240 2955 dicitnr
1265 2895 1428 2974 cooptatus
1455 2891 1559 2978 pridie

266 2995 338 3060 idus
359 2993 468 3077 Iulias,
486 2993 589 3076 paulo
611 2998 684 3058 ante
698 2992 770 3058 idas
790 2993 912 3058 casulem
933 2995 966 3057 in
982 2994 1062 3057 actis
1075 2992 1246 3057 Arvalium
1261 2994 1302 3073 cf.
1319 2994 1457 3071 Henrcn,
1474 2995 1560 3058 Acta

269 3097 381 3164 Arcti-l.
403 3119 437 3180 p.
459 3095 576 3162 CCVI
601 3095 675 3161 adn.
698 3099 747 3164 15.
801 3094 885 3162 Oum
917 3095 1064 3160 consules
1096 3096 1250 3161 ordinarii
1280 3117 1307 3159 a.
1333 3097 1395 3160 218
1423 3097 1560 3162 fuissent

268 3199 416 3287 Opellius
431 3199 597 3264 Macrinus
621 3209 652 3263 et
671 3197 851 3263 Oclatinius
867 3199 1046 3281 Adventus,
1071 3196 1271 3280 Elagabalus
1287 3200 1319 3263 in
1335 3197 1443 3264 locum
1458 3202 1558 3264 nomi·

140 3334 146 3345 ·
268 3303 318 3368 uis
340 3302 480 3368 Macrini
501 3323 596 3367 suum
620 3300 788 3366 substituit
809 3300 876 3367 Dio
900 3306 949 3378 79,
973 3305 1004 3379 8,
1027 3301 1125 3366 veluti
1145 3322 1193 3386 pr.
1215 3299 1258 3365 id.
1282 3300 1342 3368 Iul.
1366 3303 1558 3387 imperatore

267 3404 432 3470 Antonino
448 3403 534 3488 Aug.
558 3414 590 3468 et
605 3403 756 3468 Adventu
779 3426 842 3468 cos.
867 3404 919 3468 VI
933 3409 1017 3470 2999
1038 3405 1072 3469 in
1095 3405 1176 3469 actis
1190 3403 1360 3469 Annalium
1383 3406 1423 3488 cf.
1446 3405 1557 3488 fastos.

330 3508 512 3591 Imperator
534 3507 661 3590 agnitas
681 3511 885 3589 nwnarpatur
908 3506 989 3593 lmp.
1007 3506 1098 3572 Caes.
1124 3506 1191 3572 divi
1211 3507 1369 3572 Antonini
1391 3507 1467 3588 (nuc
1489 3507 1556 3571 divi

267 3609 379 3694 Magni
394 3609 566 3692 Antonini)
588 3608 682 3692 filius,
707 3609 774 3673 divi
796 3609 909 3675 Severi
931 3632 1031 3694 nepos
1048 3610 1092 3676 M.
1109 3609 1263 3675 Aurelius
1286 3609 1363 3690 (sine
1378 3609 1558 3692 Aurellius)

268 3713 451 3778 Antoninus
467 3711 551 3796 Aug.
562 3713 687 3795 passim
701 3713 736 3776 in
752 3711 862 3786 titulis,
887 3711 1010 3775 brennus
1025 3713 1059 3775 in
1077 3713 1213 3776 nummis
1228 3711 1349 3776 Ecbhel
1368 3710 1478 3794 VIIp.
1494 3716 1561 3777 247

268 3815 348 3902 lmp.
365 3812 457 3880 Caes.
473 3814 517 3885 M.
533 3815 614 3880 Aur.
628 3813 812 3879 Antoninus
834 3813 920 3897 Aug.
941 3815 1005 3878 sinc
1027 3813 1213 3878 Antoninus
1235 3815 1319 3897 Aug.
1337 3854 1375 3861 -
1400 3814 1558 3880 Sacerdos

268 3916 487 4005 amplissimus
509 3917 562 3981 dei
593 3918 704 3981 invicti
730 3915 813 3982 Solis
836 3915 1005 4000 Elagabali
1029 3917 1064 3980 r'n
1089 3916 1191 3980 titulis
1213 3915 1343 3980 aclditnr
1363 3915 1460 3981 ueluti
1482 3917 1557 4002 nupt.

265 4021 331 4088 ntrl.
361 4021 428 4087 III
451 4020 487 4087 S.
510 4017 704 4098 LXXXIV,
735 4019 771 4084 X
797 4023 890 4098 5827,
922 4017 1014 4085 VIII
1040 4018 1075 4084 S.
1106 4021 1215 4095 18587,
1245 4017 1367 4083 sacerd.
1402 4018 1455 4083 dei
1481 4019 1557 4084 solis

267 4123 402 4210 Elagab.
432 4125 467 4188 in
490 4124 627 4189 nnmntis
657 4122 762 4187 Oohcn
783 4121 858 4187 IVl
880 4121 1087 4206 Elagabalus
1114 4143 1145 4185 n.
1166 4123 1320 4186 246-253
1341 4121 1388 4185 uel
1414 4143 1558 4185 summus

267 4226 415 4293 sacerdos
436 4225 523 4309 Aug.
549 4224 611 4290 itt.
631 4229 703 4292 276.
724 4229 791 4291 277
809 4225 847 4306 ofl
873 4246 904 4292 n.
919 4228 1034 4291 58-65.

328 4331 479 4394 Hiemem
502 4351 530 4392 a.
546 4327 684 4393 matula
704 4325 913 4391 Nicomediae
935 4328 1001 4410 egit
1022 4325 1088 4392 Dio
1112 4331 1160 4404 79,
1178 4332 1200 4392 7
1220 4325 1409 4407 (Herodian.
1424 4331 1453 4402 5,
1469 4331 1498 4402 5,
1514 4325 1557 4409 3),

266 4435 374 4508 rn'ta5,
392 4438 421 4508 1,
447 4429 500 4495 ubi
525 4429 726 4494 consulatum
750 4429 888 4494 alterum
912 4431 1076 4511 ingressus
1099 4439 1147 4492 est
1162 4427 1228 4494 Dio
1245 4433 1294 4505 79,
1314 4432 1344 4492 8.
1380 4426 1502 4492 Consul
1525 4429 1558 4493 Il

267 4558 294 4603 a.
317 4535 389 4618 219,
420 4530 532 4597 consul
554 4533 605 4598 III
627 4555 655 4598 a.
679 4535 752 4616 220,
783 4529 895 4596 consul
917 4531 965 4596 IV
988 4553 1017 4598 a.
1040 4534 1111 4614 221,
1144 4529 1256 4595 consul
1278 4530 1310 4594 V
1331 4553 1361 4595 a.
1384 4533 1446 4596 222
1468 4532 1556 4613 fasti.

267 4637 306 4704 A.
322 4637 385 4702 219
401 4637 534 4702 Romam
553 4637 642 4699 veuit
657 4635 834 4701 Herodian.
851 4638 881 4713 5,
896 4637 926 4712 5,
944 4639 966 4698 7
978 4634 1017 4715 of.
1032 4655 1117 4699 narn.
1138 4633 1243 4699 (ichen
1265 4655 1297 4699 n.
1312 4638 1391 4700 2-6.
1422 4631 1558 4699 Occisus

267 4751 314 4805 cst
329 4742 459 4822 Romae,
484 4748 656 4826 postquam
676 4738 752 4804 inde
768 4758 912 4824 apugna
928 4735 1016 4824 apud
1032 4736 1237 4802 Antiochiam
1254 4737 1426 4802 commissa
1444 4759 1557 4822 regnu-

267 4844 313 4906 vit
334 4863 436 4908 annos
458 4852 524 4906 tres
540 4861 666 4905 menses
686 4861 800 4906 novem
817 4838 950 4926 diesque
967 4849 1120 4926 quattuor
1135 4839 1202 4905 Dio
1218 4845 1267 4917 79,
1281 4845 1310 4916 3,
1330 4839 1365 4904 icl
1380 4844 1425 4904 est
1441 4841 1559 4905 cccmus

267 4945 315 5015 ate
336 4951 374 5012 11
396 4945 512 5011 narrare
536 4943 657 5008 Martii
678 4963 708 5008 a.
722 4947 795 5010 222
816 4943 870 5030 (cs.
886 4963 966 5028 gnae
988 4941 1141 5009 abrotani
1160 4943 1195 5008 in
1218 4943 1333 5009 Severo
1345 4941 1556 5026 Alexandro),

1299 5043 1353 5100 13*
