3732 5630
336 332 525 388 eunucus
979 319 1043 391 eol
1504 333 1693 389 sucumve

464 529 560 595 Hunc
570 551 635 596 uon
645 529 745 596 solum
758 531 889 596 nomina
899 530 1029 596 Amulii
1041 529 1152 596 Cottae
1162 531 1339 614 sumpsisse,
1351 529 1406 594 aa
1418 530 1514 595 etiam
1526 529 1695 614 adoptione

401 635 435 698 in
458 633 583 698 ‹lammn
598 632 768 698 Aureliam
790 633 954 698 transiisse
976 654 1046 698 cum
1068 634 1231 715 omtlmnol
1251 631 1426 698 scholiasta
1447 632 1563 711 Persii,
1585 653 1694 715 meam-

399 758 494 820 quam
515 735 645 802 Osiri-rus
661 740 784 800 tantum
798 735 998 800 naturalium
1013 736 1269 818 propinquorum
1283 736 1433 812 nummii,
1455 755 1520 800 non
1533 735 1624 801 video
1639 756 1696 800 our

399 837 577 921 nepanrlum
596 839 647 902 sit.
693 838 816 921 Optime
835 839 917 902 enim
933 837 1151 902 cannetudini
1165 837 1328 903 claranum
1340 839 1481 920 pentium
1496 839 1565 903 eius
1579 838 1696 903 aetatis

401 941 550 1017 convenit,
573 945 609 1005 ut
628 940 791 1017 Coruinus,
815 961 885 1004 eum
900 939 977 1004 duos
991 939 1077 1023 filios
1091 940 1229 1018 baberet,
1253 941 1395 1006 alterum
1413 939 1549 1006 Aurelio
1568 940 1695 1006 acrama

402 1043 512 1109 Cottae
531 1045 600 1109 uiro
621 1043 723 1109 nobili
745 1043 853 1108 liberis
874 1044 997 1107 carneti
1018 1044 1052 1107 in
1073 1043 1272 1126 adoptionem
1294 1043 1393 1111 daret.

466 1145 510 1212 M.
543 1145 564 1210 f.
594 1145 662 1210 Ilio
690 1146 786 1210 index
811 1146 831 1210 l.
854 1149 904 1213 57.
956 1145 1078 1212 Consul
1107 1167 1191 1210 anno
1222 1148 1264 1212 20
1294 1147 1383 1228 fasti.
1434 1145 1624 1213 Sententiae
1654 1144 1697 1210 ab

401 1271 437 1314 eo
461 1251 494 1313 in
518 1260 632 1314 senatu
653 1249 759 1312 dictae
782 1270 866 1312 anno
892 1250 931 1313 16
957 1248 1030 1314 Tac.
1056 1270 1085 1313 a.
1105 1252 1138 1326 2,
1154 1253 1208 1325 32,
1232 1270 1260 1313 a
1281 1249 1324 1314 24
1344 1248 1409 1314 abel.
1426 1253 1456 1326 4,
1472 1250 1527 1326 20,
1551 1269 1638 1313 anno
1655 1247 1696 1312 29

400 1351 463 1417 ibcl.
479 1355 509 1430 5,
524 1357 560 1430 3;
583 1361 752 1416 accusatus
776 1374 795 1416 a
817 1351 948 1416 Tiberio
972 1350 1123 1416 defensus
1146 1374 1175 1418 a.
1198 1352 1239 1417 32
1263 1351 1327 1417 ibcl.
1349 1356 1378 1428 6,
1399 1357 1429 1420 5.
1451 1355 1480 1416 7.
1518 1351 1631 1435 Egens
1654 1350 1695 1415 ob

400 1454 523 1538 luxum,
548 1476 605 1540 per
620 1453 744 1539 flagitia
762 1452 892 1518 infamis
906 1453 970 1518 ibol.
986 1458 1015 1530 6,
1035 1459 1063 1518 7.
1099 1453 1296 1519 Liberalitas
1311 1453 1525 1536 praedicatur
1545 1453 1581 1519 in
1602 1450 1697 1518 titulo

400 1558 506 1622 liberti
512 1577 522 1636 ;
551 1560 586 1622 in
614 1557 794 1621 bominibus
821 1555 980 1621 nobilibus
1003 1561 1032 1620 et
1054 1556 1240 1622 liberalibus
1263 1553 1392 1635 (aetatis
1413 1555 1566 1640 Aupusti)
1594 1555 1697 1620 nani

398 1665 496 1726 natur
512 1659 654 1724 bramal.
676 1665 704 1738 7,
720 1662 770 1736 95,
794 1657 843 1744 (ul
862 1658 954 1742 culpo
969 1663 1106 1742 putatur
1128 1660 1224 1724 etiam
1245 1663 1274 1736 5,
1291 1663 1353 1724 108
1374 1659 1430 1724 secl
1450 1657 1511 1735 bic,
1533 1659 1592 1723 ubi
1613 1678 1698 1723 cmu-

398 1767 563 1846 ponuntur
580 1761 722 1838 ‘Seneca
738 1760 817 1826 Piso
833 1761 939 1839 bonus,
961 1759 1065 1826 Gotta‘
1083 1763 1199 1826 rectius
1217 1761 1297 1826 mibi
1311 1761 1348 1826 ile
1363 1762 1544 1844 posteriore
1558 1759 1697 1842 modam

399 1865 491 1932 Oolta
514 1863 725 1930 Claudiorum
748 1865 863 1929 aetatis
885 1864 1087 1948 copitandmn
1110 1883 1174 1930 esse
1194 1863 1320 1930 uidetur
1341 1865 1382 1946 of.
1405 1863 1438 1928 A
1460 1861 1565 1945 1235).
1612 1861 1697 1927 Tam

398 1969 530 2032 vitiosos
555 1966 663 2032 oculos
686 1969 720 2032 in
740 1976 905 2032 senectute
928 1966 1058 2048 habuit,
1090 1977 1126 2032 ut
1156 1965 1329 2052 palpebrae
1352 1968 1422 2032 eius
1444 1968 1478 2030 in
1501 1967 1696 2030 exteriorem

401 2082 525 2158 partem
547 2079 769 2151 verterentur3
791 2068 855 2133 fuit
875 2069 962 2132 enim
982 2079 1015 2134 et
1038 2066 1145 2133 multis
1161 2067 1289 2133 deditus
1303 2069 1391 2132 vitiis
1407 2067 1502 2135 sobal.
1519 2068 1638 2134 Persii.
1655 2105 1697 2117 -

399 2174 540 2240 Patruus
562 2173 665 2236 maior
688 2168 810 2234 Lolliae
833 2169 991 2235 Paulinae
1009 2169 1083 2238 aa.
1105 2192 1135 2235 a.
1155 2175 1207 2246 12,
1223 2174 1279 2237 22.
1297 2207 1338 2215 -
1356 2171 1518 2235 Incertum
1540 2175 1596 2248 est,
1619 2190 1697 2236 inim

398 2276 482 2341 idom
504 2273 727 2358 intellependus
744 2275 788 2339 sit
812 2271 1004 2338 Messalinus
1027 2295 1044 2337 e
1067 2272 1290 2340 consularibus
1315 2273 1459 2359 patriciis
1483 2272 1694 2338 hirudinibus

398 2380 522 2444 occisus
541 2376 788 2456 Penates,
805 2382 878 2444 123.

464 2488 597 2554 Amicus
613 2487 733 2572 Ovidii,
757 2491 814 2575 qui
838 2487 879 2554 ad
902 2510 975 2552 eum
998 2487 1127 2573 scripsit
1149 2487 1301 2573 epistulas
1324 2511 1368 2553 ex
1387 2489 1491 2554 Ponto
1508 2491 1538 2566 1,
1553 2490 1593 2564 5,·
1613 2491 1643 2565 1,
1660 2491 1699 2564 9,·

397 2600 430 2671 2,
453 2597 489 2669 3,·
518 2597 550 2668 2,
572 2594 610 2669 8;
639 2597 668 2669 3,
692 2597 732 2668 2;
760 2595 789 2669 3,
813 2595 843 2656 5.
896 2589 1087 2655 Orationem
1116 2587 1157 2653 ab
1185 2611 1223 2654 eo
1253 2591 1286 2654 in
1316 2589 1436 2655 iudicio
1466 2587 1696 2654 centumvirali

398 2695 544 2760 habitam
567 2693 647 2778 legit
673 2691 812 2758 Ovidius
839 2693 949 2757 Tomis
978 2713 1017 2757 en
1046 2690 1148 2757 Ponto
1175 2697 1205 2769 3,
1231 2695 1260 2770 5,
1285 2697 1409 2775 leqq.;
1441 2692 1589 2756 carmina
1619 2691 1698 2756 iecit

396 2797 460 2865 ibet.
476 2802 506 2875 3,
521 2799 550 2875 5,
565 2801 608 2863 37
620 2817 683 2880 sqq.
707 2797 793 2880 eit,
809 2801 858 2872 16,
874 2801 924 2861 41.
957 2795 1083 2861 Auctor
1103 2793 1202 2860 Plinii
1221 2793 1311 2862 Plin.
1332 2815 1364 2861 n.
1386 2794 1417 2859 b.
1440 2793 1506 2860 mil.
1530 2793 1551 2858 l.
1576 2799 1693 2860 1415,

399 2904 570 2966 inventum
592 2901 817 2986 coquinarium
840 2900 909 2962 eius
931 2898 995 2963 loa.
1016 2903 1064 2974 10,
1087 2901 1140 2963 52.

461 3012 614 3077 Diuersos
635 3031 700 3076 asse
719 3009 846 3076 Cottam
861 3008 1072 3074 Messalinum
1089 3013 1120 3073 et
1135 3008 1184 3076 M.
1199 3007 1368 3073 Aurelium
1387 3007 1513 3074 Cottam
1535 3009 1693 3075 camdem

398 3138 428 3181 a.
451 3121 495 3182 20
518 3119 548 3180 el
568 3113 651 3178 bmre
673 3113 797 3196 quidem
818 3111 923 3196 filino
943 3110 1032 3176 illius
1054 3113 1168 3176 statuit
1189 3110 1374 3194 Nipperdey
1396 3110 1440 3176 ml
1463 3110 1538 3176 Tac.
1562 3133 1593 3176 a.
1615 3115 1646 3190 3,
1670 3117 1694 3178 2

397 3239 435 3283 oa
455 3240 500 3294 re,
529 3221 566 3280 ut
596 3217 717 3298 opinor,
748 3220 865 3291 motus,
897 3212 981 3296 quael
1010 3214 1139 3278 Taeims
1168 3213 1325 3278 consulem
1353 3213 1397 3277 Μ.
1421 3211 1694 3292 Aurelianae

398 3318 566 3386 Aurelium
588 3316 716 3383 Cottam
737 3322 766 3394 3,
787 3321 831 3381 17
851 3315 936 3392 elicit,
961 3321 1074 3382 eontra
1096 3315 1181 3380 alios
1202 3335 1323 3399 smper
1342 3317 1445 3380 utitur
1460 3315 1557 3382 Cotta
1572 3316 1693 3382 Messa-

395 3420 471 3487 lino.
524 3420 590 3486 Secl
615 3425 652 3484 ut
674 3439 835 3502 pmamus
868 3419 1012 3482 Tacitum
1041 3440 1077 3482 re
1109 3440 1185 3483 uera
1217 3417 1296 3483 duos
1327 3418 1467 3484 bomines
1499 3417 1694 3503 distinpuere

396 3523 547 3600 voluisse,
582 3522 726 3587 Tacitum
755 3541 878 3586 masse
905 3520 1106 3585 statuendum
1131 3525 1184 3586 est.
1228 3519 1323 3586 Fieri
1343 3523 1425 3586 enim
1446 3521 1501 3586 uin
1514 3521 1635 3605 potnit,
1658 3527 1695 3586 nt

399 3625 493 3690 eoin
515 3623 712 3690 Messalinus
741 3645 771 3689 a.
793 3629 837 3690 20
861 3622 990 3688 baberet
1012 3623 1115 3706 filiium
1145 3623 1261 3687 aetatis
1290 3623 1477 3700 consularis,
1501 3625 1617 3707 quippe
1638 3625 1696 3706 qui

396 3730 462 3811 ipse
478 3727 633 3792 diceretur
650 3728 800 3791 ‘iuvenis’
819 3726 859 3790 ab
882 3724 994 3791 Ouidio
1017 3726 1051 3789 in
1074 3724 1217 3808 epistulis
1236 3747 1274 3790 ea
1288 3725 1391 3790 Pmto
1409 3727 1499 3790 intra
1517 3747 1548 3793 a.
1564 3731 1697 3792 12-17

395 3831 524 3913 seriptis
543 3834 576 3906 2,
599 3833 630 3906 3,
651 3832 707 3906 55;
728 3832 757 3905 3,
781 3833 814 3905 2,
838 3832 865 3894 7.
886 3832 936 3892 37.
980 3826 1059 3892 Cum
1079 3832 1183 3891 autan
1205 3827 1323 3910 absque
1344 3848 1380 3892 eo
1402 3827 1512 3892 doinus
1527 3827 1696 3894 Cottarum

397 3932 568 3996 interitura
588 3930 697 4011 suerit,
721 3951 760 3994 ne
781 3930 818 3994 ae
840 3927 905 3993 alio
928 3929 1050 4010 quidem
1066 3927 1159 3993 Ootta
1180 3947 1241 3993 eos.
1265 3951 1296 3995 a.
1315 3933 1359 3996 26
1381 3931 1518 4012 copitari
1532 3935 1652 4013 potest.

200 4047 202 4052 ’
334 4051 416 4117 1237
439 4049 593 4116 Aurelius
609 4049 681 4112 Da.
697 4098 703 4113 .
718 4098 725 4113 .
738 4099 762 4131 .,
788 4047 969 4135 [preles(es)
984 4047 1200 4133 prov(inciae)
1216 4048 1347 4133 Ma[ur.]
1363 4048 1472 4134 [Sitit]
1489 4049 1628 4132 prem.
1648 4073 1695 4135 ep.

396 4155 425 4231 5,
449 4157 509 4217 941
532 4157 553 4216 t.
577 4151 751 4232 Sitifensis.

334 4272 415 4337 1238
436 4271 480 4336 M.
497 4268 650 4334 Aurelius
666 4268 830 4346 Decimus,
853 4271 905 4333 vir
926 4269 1179 4354 perfectissimus
1203 4269 1361 4355 p(raeses)
1378 4271 1597 4356 p(rovinciae)
1613 4271 1696 4353 Nlu-

394 4373 526 4454 midiae)
557 4393 584 4438 a
617 4372 756 4436 2831284
787 4373 821 4435 in
850 4376 871 4435 t.
904 4369 1086 4436 Numidicis
1116 4371 1208 4436 VIII
1224 4375 1323 4438 2529.
1351 4377 1446 4438 2536.
1475 4378 1569 4439 2643.
1600 4379 1695 4441 2663.

394 4478 502 4556 2078(
506 4473 544 4554 9).
568 4479 662 4539 2717.
683 4477 780 4539 4221.
804 4477 902 4539 4222.
925 4475 1017 4537 4578.
1041 4477 1133 4549 7002,
1165 4473 1257 4538 VIII
1273 4473 1309 4540 S.
1332 4478 1449 4552 18288,
1478 4497 1520 4540 ex
1545 4478 1697 4565 principe

395 4577 639 4664 peregrinorum
663 4575 755 4639 VIII
766 4579 864 4641 2529.
887 4578 979 4640 2663.
1002 4577 1086 4639 2678
1095 4573 1152 4658 (9)
1174 4579 1268 4640 4578.
1292 4581 1385 4654 7002,
1411 4576 1504 4643 VIII
1521 4577 1697 4647 818288.

333 4699 415 4764 1239
437 4693 619 4777 Aur(elius)
645 4696 832 4780 Dionysius,
857 4702 1049 4779 procurator
1070 4693 1209 4777 Augusti
1232 4695 1299 4760 ΙΙΙ
1314 4699 1375 4760 535
1397 4701 1418 4763 l.
1443 4693 1639 4767 Corinthiae,

335 4817 418 4883 1240
440 4824 479 4878 Μ.
495 4816 712 4899 AVROELIVS)
729 4823 949 4896 DVBITATVS,
971 4814 1024 4877 vir
1041 4813 1248 4896 clarissimus,
1268 4814 1416 4900 plurimis
1439 4815 1576 4882 militiae
1598 4817 1698 4884 hono-

401 4915 490 4982 ribus
513 4917 644 4982 functus
668 4916 802 4983 174870.
