3758 5628
220 383 406 445 CLAVDIVS
870 379 933 444 389
1394 389 1580 448 cnsvnlvs

282 586 475 646 manaratar
502 583 537 646 ia
566 586 587 646 t.
610 583 724 647 Liuiae
747 581 947 648 Medullinae
972 604 1106 666 sponsae
1125 585 1162 650 X
1182 591 1261 652 6561
1282 587 1338 672 (4).
1386 589 1582 654 Nooaiaatar

284 689 455 768 praetaea
477 685 513 748 ia
535 688 556 747 t.
575 685 658 748 servi
671 684 740 749 III
755 689 819 750 321
841 685 896 770 (5),
912 687 1037 769 possim
1059 689 1094 751 ia
1117 692 1137 752 t.
1161 689 1347 754 libaturam
1369 696 1399 755 et
1420 712 1580 758 servorum

283 786 319 850 ia
346 791 543 851 montemalo
568 785 673 851 Drusi
702 786 753 851 VI
769 791 852 852 4334
873 787 927 871 (6).
950 793 1040 853 4338.
1061 794 1151 857 4340.
1175 795 1264 857 4346.
1287 797 1369 858 4348
1390 790 1466 879 (10).
1489 798 1579 861 4356.

283 893 373 954 4359.
394 893 490 956 4362.
512 893 602 957 4363.
625 893 707 956 4376
729 889 802 974 (15).

349 991 398 1056 Ti.
429 990 586 1057 Claudius
616 991 702 1058 Nero
734 994 948 1060 Germanicus
978 1000 1000 1059 6.
1023 1000 1052 1061 1.
1075 1001 1108 1061 2.
1129 1000 1160 1060 3.
1183 1001 1216 1080 4,
1247 997 1298 1064 Ti.
1320 998 1477 1065 Claudius
1500 998 1579 1065 Ger-

284 1095 428 1159 manicus
444 1099 466 1159 t.
480 1099 510 1162 5.
526 1099 555 1160 6.
572 1100 622 1161 10.
638 1092 744 1180 ma),-
759 1095 809 1162 Ti.
826 1095 1042 1163 Germanicus
1056 1099 1092 1163 la
1108 1099 1210 1164 titulis
1223 1101 1361 1184 relt'qais.
1386 1101 1579 1190 Appellatus

284 1207 332 1260 est
354 1199 496 1282 primum
519 1197 569 1262 Ti.
593 1195 750 1263 Claudius
774 1198 911 1279 Drusus,
934 1220 1011 1264 mox
1032 1198 1133 1265 fratre
1155 1203 1277 1266 maiore
1299 1203 1523 1289 (Germanico)
1546 1206 1580 1269 in

284 1297 401 1364 Iuliam
416 1298 571 1364 familiam
586 1297 739 1386 adoptato
755 1301 852 1383 (aaao
862 1307 883 1366 4
890 1323 927 1384 p.
945 1301 995 1387 0.)
1008 1302 1196 1369 Germanici
1212 1325 1390 1388 cognomen
1406 1308 1581 1394 assumpsit

282 1398 642 1471 010600062606000
665 1407 829 1481 acmanto,
860 1405 944 1485 0006
963 1403 1121 1470 Claudias
1144 1412 1225 1472 certe
1244 1413 1320 1491 post
1334 1410 1521 1492 pueritiae,
1544 1413 1581 1472 at

285 1503 372 1566 titali
391 1503 510 1583 600006,
527 1510 661 1588 praeter
681 1504 906 1571 Germanicam
924 1507 1063 1573 Narom's
1080 1511 1269 1592 copaaalaa
1292 1530 1455 1592 aaaqaaar
1476 1509 1582 1575 Drasl

283 1625 362 1670 asos
383 1611 437 1671 ast.
475 1608 526 1673 Ti.
543 1607 700 1674 Claudius
724 1609 812 1674 Nero
835 1609 1049 1676 Germanicus
1071 1608 1138 1676 Dio
1160 1617 1209 1692 60,
1233 1617 1257 1679 2
1279 1612 1440 1696 (Zonaras
1461 1617 1512 1692 11,
1534 1617 1578 1699 8),

284 1707 334 1771 Ti.
358 1707 515 1775 Claudius
536 1711 623 1776 Nero
647 1711 691 1776 a.
710 1715 760 1789 55,
783 1716 836 1789 27,
860 1715 996 1777 ceteram
1010 1712 1195 1796 pleramque
1218 1713 1384 1784 Claudius.

347 1811 452 1877 Natus
475 1823 524 1878 est
546 1812 695 1878 kalendis
718 1813 877 1898 Augustis
898 1837 926 1878 a.
945 1815 1007 1880 744
1029 1844 1069 1868 =
1093 1818 1132 1880 10
1155 1837 1184 1881 0.
1202 1815 1239 1882 C.
1263 1817 1392 1882 Saetoa.
1413 1816 1530 1882 060606.
1545 1824 1578 1896 2,

283 1913 365 1994 fasti
386 1913 545 1981 1706600000
560 1915 636 1982 CIL
649 1916 690 1981 Ις
700 1938 737 1999 p.
749 1920 823 1992 240,
838 1914 988 1980 Antiates
1002 1939 1039 2000 p.
1053 1921 1120 1982 248
1127 1938 1138 1996 ,·
1160 1917 1339 2002 Luguduni
1356 1919 1483 1986 Saetoa.
1501 1919 1577 1997 abd,

284 2015 405 2082 Seneca
419 2040 507 2102 apae.
519 2024 547 2083 6.
578 2019 642 2084 Per
656 2041 782 2082 omnem
798 2021 956 2105 pueritiae
971 2032 1068 2106 atque
1083 2019 1322 2087 adulescentiae
1337 2033 1465 2109 tempus
1480 2025 1579 2087 variis

284 2128 316 2182 et
338 2120 505 2185 tenacibus
527 2119 648 2185 morbis
671 2120 873 2186 conflictatus
896 2132 953 2205 006,
977 2121 1059 2188 adeo
1082 2132 1118 2188 ut
1139 2125 1246 2188 animo
1271 2123 1367 2189 simul
1390 2135 1423 2190 et
1444 2147 1579 2212 corpore

285 2218 434 2288 hebetato
456 2245 498 2287 ne
519 2243 693 2309 progressa
714 2223 843 2310 quidem
867 2233 973 2290 aetate
996 2223 1052 2290 ulli
1079 2224 1211 2310 publico
1233 2227 1427 2313 privatoque
1449 2229 1578 2292 muneri

284 2321 401 2389 babilis
432 2327 675 2392 existimaretur
696 2325 825 2394 Sueten.
849 2325 869 2392 6.
893 2327 925 2404 6.,
955 2327 1106 2393 Zonaras
1127 2333 1176 2406 11,
1199 2332 1272 2412 Sp.
1288 2333 1332 2396 24
1354 2329 1400 2395 ed.
1424 2329 1578 2413 0606066.

283 2423 336 2491 Ob
353 2425 436 2492 banc
452 2427 673 2493 valetudinem
696 2439 729 2493 et
750 2427 943 2512 gladiatorio
965 2451 1108 2514 munere,
1125 2430 1213 2516 quod
1236 2453 1320 2496 anno
1337 2433 1357 2496 6
1377 2455 1409 2518 p.
1430 2431 1467 2498 C.
1483 2432 1578 2498 simul

286 2550 357 2593 curn
384 2529 487 2594 fratre
508 2533 682 2596 memorias
705 2532 806 2617 patris
829 2530 954 2614 edebat,
978 2531 1161 2618 palliolatus
1183 2533 1346 2618 praesedit
1360 2533 1487 2600 000600.
1507 2533 1529 2601 6.
1546 2534 1577 2612 6.,

282 2630 350 2696 Dia
368 2637 418 2710 55,
442 2639 489 2700 27
510 2645 543 2699 06
565 2645 659 2717 togae
680 2633 784 2698 virilis
811 2633 864 2698 die
893 2635 981 2698 circa
1009 2634 1148 2699 mediam
1178 2646 1304 2700 noctem
1334 2638 1403 2700 sine
1431 2635 1578 2702 sollemni

284 2733 389 2800 officio
421 2734 536 2801 lectica
564 2739 597 2801 in
621 2735 817 2823 Capitolium
847 2735 931 2801 latus
962 2747 1026 2818 006,
1056 2736 1226 2820 Augustus
1250 2741 1278 2803 ei
1301 2737 1427 2803 nullum
1449 2750 1578 2824 praeter

282 2838 448 2921 auguralis
476 2839 648 2904 sacerdotii
677 2839 833 2903 bonorem
862 2839 1019 2924 impertiit
1050 2841 1091 2922 es.
1115 2845 1136 2904 t.
1161 2843 1179 2904 1
1196 2842 1338 2923 positam
1361 2842 1449 2906 eirea
1471 2864 1501 2907 a.
1526 2842 1577 2906 768

280 2961 316 3021 p.
337 2939 383 3018 0.,
406 2942 464 3007 abi
483 2943 615 3008 aomina
635 2941 718 3007 aude
734 2946 907 3025 ponantur,
932 2946 961 3005 et
980 2945 1001 3006 t.
1017 2947 1050 3007 2.
1065 2945 1095 3018 3,
1117 2942 1310 3007 ubidicitur
1331 2965 1454 3026 augur3
1476 2966 1516 3008 ac
1537 2967 1578 3007 ne

284 3041 434 3109 heredem
458 3044 589 3131 quidem
619 3045 681 3108 nisi
710 3065 813 3129 paene
842 3043 928 3107 inter
955 3053 1126 3108 extraneos
1148 3046 1349 3131 nuncupavit
1369 3044 1476 3130 legato
1499 3069 1577 3132 quc·

282 3165 348 3230 que
368 3147 523 3213 mediocri
547 3157 738 3234 prosecutus
760 3149 885 3214 Saetoa.
910 3143 960 3212 06.
982 3152 1003 3210 4
1025 3151 1103 3211 eatr.

347 3249 457 3336 Eques
480 3251 646 3316 Romanus
675 3271 779 3336 usque
805 3247 847 3312 ad
870 3248 1043 3336 imperium
1066 3249 1130 3315 Gai
1153 3249 1282 3318 Sueten.
1311 3249 1414 3335 Caliy.
1438 3255 1487 3328 15,
1511 3251 1577 3317 Da

282 3355 333 3429 59,
352 3357 390 3432 6,·
419 3351 498 3418 ordo
533 3364 682 3440 equester
711 3375 784 3417 eum
814 3361 985 3438 patronum
1016 3351 1229 3438 perferendae
1259 3375 1318 3438 pro
1349 3375 1383 3418 se
1406 3354 1576 3438 legationis

283 3453 389 3538 elegit,
413 3477 488 3521 cum
506 3455 742 3542 deportandum
757 3455 893 3520 Romam
909 3475 1025 3540 corpus
1042 3454 1182 3539 Augusti
1207 3455 1349 3520 humeris
1372 3457 1438 3521 suis
1461 3481 1481 3522 a
1503 3479 1576 3522 con·

282 3555 408 3623 salibus
425 3569 617 3645 exposceret
630 3557 674 3623 66.
695 3557 746 3626 06,
761 3562 789 3626 6.
815 3557 913 3624 Αο00
931 3558 971 3623 14
985 3556 1028 3622 ad
1049 3579 1220 3622 numerum
1241 3557 1399 3624 sodalium
1415 3559 1576 3643 Augusta-

281 3657 362 3725 lium
384 3672 470 3726 sorte
493 3662 664 3727 ductorum
686 3671 781 3726 extra
797 3661 944 3726 ordinem
962 3660 1108 3724 adiectus
1124 3670 1172 3724 est
1191 3661 1265 3727 Tac.
1282 3681 1311 3726 a.
1329 3666 1357 3738 1,
1372 3665 1422 3738 54,
1447 3661 1575 3727 aaron.

282 3761 376 3830 066.
413 3763 567 3829 Tiberius
590 3765 620 3828 ei
642 3765 763 3849 petenti
787 3763 923 3826 bonores
947 3761 1131 3828 consularia
1152 3772 1342 3827 ornamenta
1364 3762 1488 3842 detulit
1519 3763 1576 3828 sed

176 3850 181 3860 ’
282 3867 455 3932 instantius
470 3866 632 3952 legitimos
647 3865 806 3951 flagitanti
821 3865 938 3930 abnuit
953 3864 1118 3929 irridendo
1130 3865 1215 3932 aar.
1230 3864 1279 3930 06.
1294 3870 1316 3931 5
1322 3886 1333 3944 ;
1355 3886 1430 3930 cum
1445 3875 1576 3930 senatus

281 3971 469 4053 censuisset,
487 3981 523 4034 ut
538 3971 566 4034 ei
583 3969 739 4034 dicendae
755 3969 838 4034 inter
853 3967 1038 4032 consideres
1054 3969 1231 4033 sententiae
1247 3970 1298 4032 ius
1315 3977 1408 4052 esset,
1423 3967 1575 4032 Tiberius

281 4069 448 4138 decretum
469 4071 613 4138 abolevit
634 4072 697 4139 aaa.
714 4076 744 4136 6.
777 4069 859 4135 000
882 4092 967 4135 anno
985 4071 1026 4135 20
1048 4070 1173 4133 cineres
1189 4069 1376 4137 Germanici
1398 4069 1441 4134 ad
1463 4068 1576 4134 urbem

280 4185 503 4261 portarentur,
535 4174 664 4240 Drusus
686 4173 810 4239 Tiberii
840 4171 925 4237 filius
957 4193 1030 4237 cum
1053 4171 1191 4238 Claudio
1214 4171 1425 4237 Tarracinam
1447 4171 1576 4236 obviam

281 4299 472 4364 progressus
495 4288 545 4344 006
562 4280 637 4345 Tae.
661 4299 690 4342 a.
712 4281 742 4354 3,
765 4281 798 4342 2.
818 4280 849 4340 3.
887 4274 1009 4340 Eodem
1033 4297 1118 4339 anno
1141 4295 1215 4339 cum
1238 4275 1272 4338 in
1295 4284 1409 4340 000060
1423 4272 1575 4339 Valerius

276 4381 471 4448 Messalinus
501 4383 679 4447 censuisset
708 4378 749 4443 ob
779 4378 957 4443 vindictam
981 4377 1167 4444 Germanici
1189 4374 1323 4441 Tiberio
1354 4387 1387 4440 06
1409 4375 1576 4459 Augustae

280 4482 419 4571 aliisque
435 4483 622 4550 Germanici
646 4482 895 4566 consanguineis
917 4489 1026 4563 grates
1049 4501 1119 4544 esse
1141 4479 1283 4562 agendas
1306 4481 1425 4544 omissa
1446 4476 1575 4544 Claudii

217 4591 220 4596 '
277 4590 451 4667 mentione,
474 4609 591 4652 nomen
612 4587 681 4652 eius
701 4595 815 4671 postea
829 4581 975 4647 additum
991 4592 1040 4646 006
1055 4581 1118 4647 aaa.
1134 4586 1163 4658 3,
1180 4585 1239 4660 18;
1260 4603 1319 4667 per
1341 4581 1427 4645 idem
1449 4590 1575 4666 tempus

217 4745 221 4754 .
280 4689 409 4755 Claudii
429 4689 497 4754 filio
519 4689 672 4771 (Claudio
695 4689 803 4752 Druso
817 4685 867 4776 cf.
888 4705 920 4750 a.
937 4687 1011 4766 688)
1034 4683 1102 4750 filia
1124 4683 1234 4750 Seiani
1257 4683 1419 4770 desponsa
1441 4691 1489 4747 006
1508 4682 1574 4748 aba.

278 4796 309 4870 3,
330 4797 383 4859 29.
426 4792 523 4857 Anno
546 4794 584 4857 31
612 4792 730 4857 Seiano
762 4810 927 4875 oppresse,
946 4789 1063 4852 iterum
1093 4798 1249 4874 patronus
1272 4787 1395 4853 ordinis
1418 4787 1576 4872 equestris

221 4947 224 4956 .
280 4894 369 4980 apud
392 4893 540 4960 consules
562 4893 745 4979 gratulatus
762 4901 811 4957 est
825 4891 950 4957 000600.
970 4888 1024 4955 06.
1041 4895 1070 4957 6.
1108 4890 1261 4955 Tiberius
1283 4889 1345 4955 sub
1366 4889 1465 4953 finem
1487 4889 1575 4953 vitae

279 4999 377 5063 etiam
405 4996 447 5061 de
469 4995 607 5063 Claudio
634 4994 793 5062 tradenda
822 5015 856 5057 re
884 4990 1015 5078 publica
1044 4992 1203 5076 agitabat,
1231 4991 1319 5077 quod
1343 4993 1370 5054 is
1393 4991 1572 5076 composita

1549 5221 1861 5602 Al
