3758 5628
308 357 493 418 cuuvmvs
950 351 1012 418 358
1477 357 1662 416 chavnms

371 560 542 642 suscepisse
563 557 758 642 iepatiouem,
777 561 815 622 ut
835 556 1020 622 Gordianus
1037 557 1125 640 filius
1140 563 1215 642 post
1239 559 1434 624 annulatum
1457 557 1578 640 leuatus
1599 560 1665 640 fuit

367 664 493 744 patris,
525 667 630 726 tomen
658 660 745 726 credi
773 681 837 725 nou
859 665 966 742 potest
993 665 1160 742 utrumque
1189 661 1247 724 suh
1276 662 1404 725 initium
1435 659 1509 724 belli
1534 660 1665 724 Marco-

371 765 492 829 manioi
518 763 695 846 quindecim
721 764 788 846 fere
818 764 911 827 aunis
939 768 1014 845 post
1043 763 1255 843 consulatum,
1287 785 1347 845 quo
1378 763 1470 827 ambo
1496 783 1579 826 anuo
1608 767 1664 826 151

372 867 476 947 functi
504 869 592 942 um,
624 865 684 930 clla
712 886 847 930 munera
864 865 1034 947 praetoria
1055 866 1174 930 incisae.
1218 865 1332 947 ltaque
1355 886 1424 930 cum
1446 863 1667 929 Philostratus

370 989 421 1032 res
437 968 528 1050 lonpo
544 974 680 1051 tenuiore
696 967 855 1032 diiunctos
867 971 1036 1049 poetarum
1056 986 1142 1031 neom
1162 969 1195 1030 in
1212 967 1301 1032 breta
1319 969 1457 1050 spatium
1473 969 1668 1032 contraxerit

369 1091 491 1136 maesse
518 1072 574 1148 sit,
605 1071 760 1134 comiciam
790 1089 935 1146 cuasam,
965 1091 1059 1152 quoue
1086 1069 1258 1149 Quinctilio
1285 1069 1451 1134 Gaudiano
1474 1069 1666 1152 proconsule

372 1173 551 1238 aduersarii
570 1172 696 1238 Herodi
715 1172 875 1236 intendere
898 1177 1073 1254 coeperunt,
1106 1171 1235 1236 eandem
1257 1193 1321 1236 esse
1343 1177 1437 1254 alance
1459 1192 1596 1248 causarer,
1627 1171 1667 1236 de

369 1297 434 1358 qua
464 1275 600 1340 Marcus
629 1279 658 1338 et
685 1273 810 1338 Fronto
840 1273 973 1337 consilia
1002 1274 1307 1337 correruuuicaoerunt
1336 1273 1376 1352 (a.
1403 1273 1526 1356 supra),
1559 1279 1665 1338 adam

369 1378 546 1461 imperante
566 1376 637 1453 Pio,
661 1381 689 1441 et
711 1376 975 1440 Demonstratum
999 1377 1057 1458 (sic
1080 1379 1127 1439 ter
1149 1375 1300 1457 traditur)
1324 1375 1530 1454 Petilianum,
1553 1378 1608 1458 oui
1630 1379 1665 1441 in

370 1502 409 1546 ea
432 1501 453 1544 a
468 1484 567 1563 parte
589 1483 806 1542 acmcsatorum
834 1479 952 1553 stabat,
983 1477 1113 1541 eundem
1135 1497 1199 1542 esse
1222 1483 1315 1560 atque
1337 1476 1584 1554 Demostratum,
1609 1480 1668 1559 qui

370 1605 392 1647 a
406 1581 606 1647 Philostrato
621 1586 825 1648 rucmoratur.
867 1579 958 1660 Quod
971 1581 1000 1644 si
1013 1600 1120 1645 oerum
1138 1582 1190 1656 sit,
1208 1580 1389 1663 ponendum
1413 1586 1457 1645 est
1479 1581 1667 1645 inimicitias

371 1691 444 1750 tnnc
466 1684 589 1766 quidem
606 1685 784 1766 nescioquo
799 1682 890 1748 modo
905 1684 940 1747 iu
959 1688 1079 1765 tutunus
1094 1685 1283 1765 commositas
1300 1703 1373 1760 esse,
1397 1683 1454 1747 sed
1473 1683 1569 1748 nullo
1589 1689 1667 1766 post

370 1787 469 1852 denuo
492 1787 655 1854 exarsisse.
701 1785 783 1850 Oum
814 1785 925 1851 Sirmii
954 1807 1063 1850 caram
1086 1784 1131 1851 M.
1154 1784 1290 1850 Aurelio
1320 1786 1546 1850 Demostratus
1573 1808 1664 1850 acer-

369 1891 450 1954 rime
479 1891 511 1952 in
534 1887 699 1952 Herodem
725 1890 873 1952 invectus
903 1899 1003 1968 esset,
1037 1887 1183 1953 Herodes
1213 1899 1319 1952 autem
1351 1889 1452 1952 iratus
1476 1889 1662 1974 imperatori

367 1993 429 2078 ipsi
452 1993 588 2055 crimina
610 1989 796 2072 obiecisset,
824 1989 869 2055 M.
892 1989 1044 2055 Aurelius
1068 1991 1146 2054 satis
1169 1990 1284 2055 habuit
1308 1993 1341 2054 in
1364 1989 1499 2055 libertos
1522 1991 1664 2054 Herodis

368 2093 631 2158 animadvertere
650 2093 718 2156 vito
738 2095 865 2159 28-29.

433 2197 513 2262 Post
541 2219 592 2260 res
623 2198 655 2260 in
688 2196 857 2260 Pannonia
885 2205 973 2260 aetas
1001 2195 1148 2260 Herodes
1179 2197 1213 2260 in
1236 2197 1378 2260 Atticam
1402 2216 1553 2262 reversus
1576 2199 1666 2262 circa

370 2298 597 2364 Marathonem
613 2309 646 2362 et
660 2298 844 2385 Cephisiam
869 2319 970 2383 pagos
986 2297 1105 2381 degere
1122 2296 1246 2362 solebat
1261 2299 1328 2363 uita
1340 2302 1398 2376 30;
1419 2297 1496 2362 villa
1511 2297 1666 2384 Cephisia

370 2400 511 2465 Herodis
535 2413 732 2465 memoratur
751 2399 834 2466 Gell.
850 2406 878 2477 1,
895 2405 928 2477 2,
943 2405 984 2478 2,·
1007 2407 1035 2476 1,
1056 2406 1164 2479 10,1,·
1185 2405 1234 2476 18,
1256 2405 1305 2477 10,
1329 2407 1358 2465 1.
1401 2399 1454 2464 Ad
1478 2401 1663 2484 (Avidium)

372 2502 522 2568 Cassium
545 2501 754 2567 rebellantem
771 2502 904 2585 (aestate
920 2525 949 2566 a.
967 2508 1039 2588 175)
1056 2504 1185 2589 scripsit
1207 2501 1287 2567 nihil
1307 2503 1369 2566 nisi
1386 2501 1525 2590 Ἡρώδης
1540 2502 1664 2590 Κασσίῳ

370 2607 484 2691 ἐμάνης
504 2607 572 2670 uta
592 2609 646 2673 32.
693 2606 744 2669 Ex
774 2605 888 2670 castris
919 2605 1062 2669 bibernis
1092 2607 1268 2690 imperator
1291 2605 1421 2670 Marcus
1451 2605 1492 2670 ad
1523 2627 1594 2671 enm
1623 2607 1665 2671 de

370 2719 475 2772 morte
489 2709 665 2772 Faustinae
689 2709 800 2772 uxoris
822 2706 947 2772 litteras
967 2706 1057 2772 dedit
1076 2710 1143 2772 nito
1156 2711 1207 2784 31,
1230 2707 1265 2772 id
1287 2712 1331 2772 est
1353 2707 1452 2772 hierna
1474 2710 1665 2774 51751176.

372 2809 477 2874 Paulo
500 2815 575 2892 post
602 2814 638 2874 ut
665 2809 788 2874 uidetror
819 2809 958 2875 decessit
986 2809 1178 2875 Marathone
1213 2833 1298 2874 anno
1328 2809 1396 2874 fere
1426 2813 1666 2896 septuagesimo

372 2925 481 2996 sext03
512 2934 629 2998 corpus
652 2912 866 2978 Athenienses
895 2914 927 2976 in
952 2906 1190 2977 Panathenaico
1213 2913 1409 2999 sepelierunt
1428 2916 1495 2978 nita
1515 2918 1570 2992 37;
1599 2917 1667 3000 epi-

372 3035 517 3098 gramma
529 3013 710 3101 sepulcrale
721 3014 786 3080 chd.
796 3035 806 3092 ;
817 3014 1005 3078 Hadrianus
1017 3014 1159 3100 sophista
1168 3015 1291 3080 Herodi
1307 3016 1484 3082 orationem
1497 3015 1666 3081 funebrem

372 3115 488 3182 habuit
509 3117 664 3182 Philostr.
680 3122 713 3194 2,
728 3123 778 3194 10,
793 3122 824 3181 3.

434 3219 577 3284 onrem
601 3219 695 3283 duxit
717 3220 856 3304 Appiam
877 3218 1021 3283 Anniam
1044 3217 1203 3302 Regillum
1227 3218 1360 3283 Atilium
1380 3219 1569 3286 Causidiam
1585 3220 1667 3286 Ter-

373 3320 502 3404 tullam,
533 3321 632 3386 filiam
656 3321 756 3407 Appii
778 3321 879 3386 Annii
903 3321 988 3386 Galli
1013 3320 1191 3386 consularis
1215 3323 1255 3403 cf.
1275 3322 1308 3385 A
1330 3326 1400 3406 557,
1424 3344 1521 3408 quam
1545 3347 1571 3388 a.
1597 3325 1667 3388 iere

374 3425 507 3490 1601161
527 3426 651 3506 amisit3
675 3445 749 3488 nam
765 3425 893 3510 Appius
907 3425 1036 3489 Annius
1052 3423 1172 3489 Atilius
1191 3423 1323 3489 Bradua
1345 3424 1456 3489 consul
1473 3425 1571 3507 (anno
1591 3428 1667 3510 160)

374 3526 426 3590 vel
451 3525 631 3592 consularis
655 3526 904 3612 (εὐδοκιμώτατος
927 3529 968 3594 ὢν
992 3529 1023 3592 ἐν
1046 3533 1107 3598 τοῖς
1128 3527 1193 3593 τότε
1217 3530 1358 3609 ὑπάτοις),
1389 3527 1490 3592 frater
1519 3528 1667 3613 Regillae

372 3629 537 3694 Herodem
559 3651 696 3694 uxorem
717 3630 918 3694 interemisse
940 3631 1114 3714 accusavit,
1139 3631 1230 3694 cuius
1246 3630 1389 3694 criminis
1408 3629 1575 3695 absolutus
1599 3642 1667 3714 est3

372 3730 560 3797 defunctam
593 3731 765 3796 immodice
793 3731 880 3796 luxit
907 3733 962 3816 (es.
985 3733 1120 3797 lucian.
1147 3731 1315 3797 Demouaa
1335 3735 1387 3818 33)
1419 3743 1451 3796 et
1478 3735 1667 3798 memoriam

372 3833 474 3898 titulis
496 3835 777 3921 monumentisque
793 3835 847 3917 (cs.
866 3840 886 3898 t.
901 3838 930 3900 5.
948 3833 1070 3917 18-21)
1086 3834 1185 3899 coluit
1207 3846 1238 3898 et
1260 3836 1390 3899 nominc
1412 3837 1480 3899 eius
1502 3835 1665 3902 theatrum

373 3935 513 4001 Athenis
529 3938 676 4000 extruxit
690 3935 918 4022 dedicavitque
932 3936 1000 4000 uita
1014 3941 1064 4013 19,
1088 3935 1273 4001 Pausanias
1290 3942 1318 4014 7,
1333 3941 1385 4013 20,
1401 3941 1430 4001 0.
1467 3937 1520 4002 Ex
1539 3937 1669 4020 Regilla

375 4060 476 4102 uxore
506 4047 659 4124 quattuor
688 4037 806 4102 liberos
835 4038 925 4103 tulit:
959 4041 991 4121 1)
1021 4040 1160 4126 Appiam
1183 4039 1324 4104 Anniam
1347 4037 1482 4104 Atiliam
1504 4041 1667 4125 Regillum

373 4140 542 4226 Elpinicen
559 4141 772 4226 Agrippinam
789 4141 916 4206 Atriam
932 4141 1066 4225 Pollam,
1091 4146 1124 4225 2)
1148 4142 1316 4208 Tiberium
1332 4141 1504 4206 Olaudimn
1520 4144 1668 4230 Appium

372 4242 510 4308 Atilium
526 4242 689 4308 Bradnam
706 4243 871 4326 Regillum
886 4244 1032 4310 Atticum
1047 4247 1112 4310 suu
1126 4245 1170 4310 M.
1186 4246 1322 4310 Atilium
1337 4244 1485 4311 Atticum
1500 4247 1668 4313 Bradnam

373 4345 546 4430 Regillum,
571 4347 604 4428 3)
627 4345 785 4410 Marciam
808 4345 979 4412 Claudiam
1002 4346 1127 4412 Alciam
1150 4347 1335 4413 Athenaida
1357 4348 1534 4415 Gavidiam
1556 4349 1667 4414 Latia-

374 4471 458 4530 rem,
489 4449 523 4530 4)
544 4447 583 4512 L.
607 4447 780 4512 Claudium
801 4447 982 4514 Vibullium
1011 4449 1174 4533 Regillum
1202 4449 1383 4532 Herodem3
1414 4451 1470 4532 qui
1490 4450 1586 4516 liberi
1605 4473 1667 4534 atto

375 4549 484 4614 ordine
504 4550 577 4614 nati
596 4550 670 4627 sint,
692 4571 756 4615 non
778 4555 908 4616 constat.
953 4553 1031 4616 Duo
1053 4563 1127 4618 ante
1149 4562 1285 4618 matrem
1311 4554 1429 4616 mortui
1460 4563 1549 4637 sunt,
1582 4575 1668 4640 quae

374 4652 456 4716 duos
485 4653 673 4737 superstites
706 4650 838 4738 reliquit
868 4658 888 4721 t.
916 4657 957 4718 18
984 4675 1013 4721 o.
1032 4659 1081 4733 15,
1116 4655 1236 4720 scilicet
1264 4654 1435 4737 Elpinicen
1465 4660 1495 4720 et
1522 4655 1669 4722 Atticum

373 4754 552 4820 Bradnam.
596 4754 760 4819 Herodem
790 4778 890 4842 supra
917 4756 1051 4821 modum
1079 4768 1215 4823 mortem
1238 4757 1295 4822 filii
1318 4757 1449 4841 (scilicet
1471 4759 1510 4822 L.
1531 4757 1672 4824 Claudii

378 4857 511 4922 Vibullii
519 4855 650 4939 Repello)
665 4855 828 4942 lugentem
847 4860 949 4923 irrisit
959 4859 1132 4926 Demouax
1147 4858 1356 4946 philosophus
1367 4860 1502 4925 lucian.
1515 4859 1607 4926 Deru.
1623 4867 1670 4929 25

374 4960 443 5046 (uhi
458 4979 528 5024 cmn
550 4957 673 5024 Vorstio
690 4979 754 5042 pro
769 4962 785 5025 ὁ
802 4959 926 5040 Maricla
948 4960 985 5026 id
1003 4962 1088 5043 quod
1107 4961 1194 5028 nullo
1216 4962 1307 5026 modo
1329 4961 1412 5044 ferri
1426 4968 1541 5046 potest,
1565 4985 1670 5032 cmm-
