3732 5622
297 285 513 342 CREMVTIVS
942 277 1007 341 480
1460 285 1632 342 CRESGEN
1633 286 1652 340 S

360 493 545 564 ascematus,
575 479 663 567 quod
694 481 788 546 editis
817 480 989 546 annalibus
1018 480 1215 567 laudatoque
1244 481 1291 547 M.
1313 483 1417 548 Bruto
1441 481 1479 549 C.
1502 483 1653 548 Cassium

362 586 581 651 Romanorum
603 583 750 649 ultimum
774 583 920 666 dixisset,
946 588 1048 649 vitam
1071 584 1180 649 inedia
1201 584 1309 648 finivit
1335 585 1409 651 Tac.
1431 608 1462 649 a.
1483 591 1513 661 4,
1536 590 1653 661 34-35,

361 689 428 754 Dic
448 693 499 765 57,
522 693 576 765 24,
599 688 720 754 Seneca
743 687 763 752 l.
787 687 807 752 l.
830 691 887 763 22,
909 691 929 752 6
951 689 992 769 cs.
1015 687 1145 752 Sueten.
1171 687 1241 754 Tib.
1261 691 1311 752 61.

425 789 539 856 Edidit
553 789 695 872 annales,
713 790 832 876 quibus
851 790 962 854 civilia
979 789 1067 856 bella
1083 790 1227 872 deflevit,
1246 791 1485 876 proscribentes
1504 794 1538 856 in
1553 801 1655 856 aeter-

361 915 439 958 num
462 895 531 979 ipse
550 895 741 980 proscripsit
756 893 877 958 Seneca
893 893 913 960 l.
930 893 950 957 l.
966 899 1020 970 26,
1037 898 1074 970 1,·
1095 893 1197 958 verba
1217 895 1286 958 eius
1304 892 1345 957 de
1366 905 1469 959 morte
1486 894 1654 959 Ciceronis

361 997 542 1061 afferuntur
553 997 675 1062 Seneca
688 999 988 1072 suasor.6,19.23;
1003 996 1044 1060 de
1060 995 1197 1060 lectione
1212 1007 1343 1061 senatus
1357 1020 1386 1064 a.
1400 999 1511 1062 736:
1522 998 1561 1063 18
1573 1021 1601 1064 a.
1615 996 1653 1061 C.

362 1099 514 1164 laudatur
529 1099 660 1164 Sueten.
675 1099 811 1180 Aspar.
827 1103 884 1176 35,·
906 1109 1019 1162 auctor
1040 1098 1139 1162 Plinii
1162 1098 1252 1166 Plio.
1274 1121 1306 1164 n.
1326 1099 1357 1166 t.
1373 1100 1438 1167 ind.
1454 1100 1474 1164 l.
1492 1107 1513 1164 7
1512 1149 1520 1164 .
1535 1106 1585 1165 10.
1601 1105 1652 1176 16,

361 1204 479 1266 citatur
496 1201 561 1265 cbd.
577 1207 625 1276 10,
644 1206 682 1264 74
698 1201 753 1284 (=
767 1200 866 1266 Solio.
883 1201 1021 1282 11,19);
1041 1205 1178 1277 16,108.
1212 1201 1303 1267 Libri
1327 1213 1400 1288 post
1414 1201 1654 1266 damnationem

361 1315 492 1368 senatus
520 1304 667 1368 consulto
694 1325 753 1389 per
782 1303 903 1368 aediles
932 1305 1066 1368 cremati
1096 1313 1188 1385 sunt,
1212 1304 1268 1367 sed
1292 1316 1481 1370 manserunt
1502 1304 1654 1368 occultati

362 1418 395 1471 ct
422 1428 522 1493 opera
544 1407 687 1471 Marciae
713 1405 799 1470 filiae
829 1407 989 1491 permissu
1018 1406 1222 1491 imperatoris
1245 1408 1308 1474 Gai
1333 1407 1440 1472 denuo
1470 1407 1549 1472 editi
1578 1419 1655 1470 sunt

365 1511 439 1574 Tac.
457 1531 485 1576 a.
501 1515 532 1585 4,
547 1513 597 1586 35,
621 1507 687 1573 Dio
702 1513 752 1585 57,
768 1515 821 1585 24,
843 1509 964 1574 Seneca
979 1509 1023 1573 ad
1041 1509 1148 1574 Marc.
1164 1515 1194 1586 1,
1215 1510 1344 1575 Sueten.
1361 1509 1461 1592 Celip.
1477 1514 1527 1586 16,
1543 1531 1654 1594 quam-

362 1634 459 1698 quam
483 1613 682 1676 circumcisis
701 1633 785 1697 quoe
800 1611 923 1676 dixisse
938 1611 1046 1678 Cordo
1065 1623 1221 1676 nocuerat
1236 1613 1368 1694 Qur‘ntrl.
1385 1615 1458 1678 inst.
1473 1617 1652 1689 101104.

301 1716 382 1780 1282
405 1715 591 1780 Cremutius
607 1716 704 1796 Ruso,
728 1737 748 1778 a
769 1735 834 1801 quo
857 1725 894 1779 ut
916 1737 981 1780 una
1003 1737 1113 1779 secum
1135 1737 1266 1781 oausam
1282 1716 1400 1781 Triarii
1416 1725 1502 1798 agat,
1526 1714 1654 1779 Plinius

362 1817 443 1902 petit
465 1819 554 1900 epist.
576 1822 606 1894 6,
629 1822 690 1894 23;
711 1817 753 1882 ad
775 1819 939 1882 Rusonem
962 1818 1106 1883 eiusdem
1128 1818 1204 1882 data
1227 1831 1275 1882 est
1297 1821 1386 1902 epist.
1411 1823 1440 1900 9,
1464 1823 1514 1882 19.

317 1957 360 1965 -
383 1929 416 1995 Q.
440 1927 638 1983 CAECILIVS
661 1927 824 1983 RVFINl'S
846 1927 1146 1984 CREPEREIANVS.

320 2059 362 2068 -
383 2031 422 2086 ru.
447 2030 644 2086 cnecmrvs
667 2031 873 2086 rvsouuvs
898 2021 1210 2106 cernebamus
1234 2021 1507 2106 r[n]on[1]nuvs

300 2125 382 2191 1283
407 2123 599 2209 Crepereius
622 2123 881 2210 Calpurnianus,
910 2124 1226 2210 Pompeiopolitanus
1250 2125 1290 2188 de
1314 2123 1398 2188 bello
1420 2124 1573 2189 Parthico
1596 2127 1654 2190 im-

364 2227 524 2312 peratoris
555 2226 591 2294 L.
623 2227 703 2291 Veri
737 2228 867 2313 scripsit
895 2225 1121 2310 Thucydidem
1152 2227 1308 2291 imitando
1335 2227 1472 2292 lucian.
1501 2228 1653 2309 thtnodo

362 2328 434 2393 1131.
458 2329 610 2395 conscrib.
633 2335 682 2393 15.

301 2432 382 2496 1284
405 2430 599 2516 Crepereius
622 2429 746 2512 Gallus,
770 2430 939 2497 familiaris
962 2432 1173 2519 Agrippinae.
1197 2434 1310 2497 matris
1334 2433 1481 2514 Neronis,
1505 2455 1590 2496 anno
1612 2434 1656 2498 59

363 2535 460 2619 periit
485 2533 558 2598 Tac.
583 2553 613 2596 a.
636 2538 686 2610 14,
710 2539 739 2598 5.

300 2637 383 2702 1285
407 2635 600 2722 Crepereius
616 2635 730 2719 Pollio,
753 2637 810 2721 qui
833 2635 993 2722 triplicem
1016 2659 1149 2702 usuram
1172 2649 1339 2722 praestare
1359 2647 1491 2722 paratus
1506 2639 1657 2702 circumit

364 2749 396 2803 et
425 2737 532 2804 fatuos
562 2759 626 2802 nou
656 2741 781 2803 invenit
802 2739 946 2804 Juvenal.
969 2743 998 2816 9,
1022 2744 1108 2816 5-8;
1138 2739 1241 2805 Pollio
1271 2740 1439 2804 mendicus
1466 2740 1509 2804 id.
1533 2746 1582 2817 11,
1604 2745 1656 2806 43.

300 2843 383 2907 1286
405 2850 438 2905 L.
456 2849 690 2906 CREPEREIVS
706 2850 908 2913 PROCVLVS,
925 2841 1464 2925 6065110911911036111606810),
1480 2843 1657 2926 proconsul

363 2943 523 3009 1111714
551 2973 593 2996 =
621 2943 705 3009 CIG
729 2948 811 3009 5798
839 2950 861 3008 1.
894 2945 1144 3027 Neapolitanus,
1175 2966 1265 3026 quem
1292 2949 1464 3026 posuerunt
1487 2941 1656 3031 Ἀρτεμίσιοι

364 3049 520 3132 φρήτορες.
575 3045 626 3110 De
657 3048 838 3110 nominibus
872 3046 1008 3112 docueritis
1041 3049 1105 3110 tria
1139 3068 1219 3128 qccue
1252 3052 1360 3111 extant
1397 3047 1484 3110 tituli
1514 3047 1657 3131 excepta.

364 3149 567 3213 dissentiunt:
590 3157 619 3210 Α.
633 3155 854 3212 {restiturum
866 3148 993 3214 Faetus
1004 3150 1173 3224 Iordanes,
1186 3157 1217 3212 Λ.
1231 3155 1453 3212 ΚΡΕΠΕΡΛΙΟΝ
1471 3147 1656 3233 Copuceias,

362 3259 393 3313 n.
412 3257 630 3314 KPFllEPEtot
648 3257 811 3314 lll'lllillOl'
834 3252 941 3316 Marc.
965 3253 1042 3317 Anl.
1063 3252 1212 3334 80796119.

301 3355 382 3420 1287
398 3364 431 3421 L.
444 3363 677 3418 CREPEREIVS
690 3363 862 3418 ROGATVS
873 3357 1219 3438 scpnoSECVNDINVS.
1236 3355 1359 3420 Titulus
1370 3355 1438 3418 et'tts
1452 3354 1611 3440 V11397(
1626 3361 1654 3440 ),

362 3461 557 3521 memoratur
577 3457 613 3521 ia
635 3462 656 3520 1.
679 3458 790 3521 uxoris
812 3461 894 3522 1398
909 3459 966 3543 (2).
982 3494 1025 3504 -
1039 3457 1077 3524 L.
1102 3455 1294 3542 Crepereius
1317 3458 1461 3540 Rogatus
1485 3461 1506 3524 t.
1523 3462 1552 3534 1,
1576 3457 1656 3523 Cre-

363 3560 494 3645 pereius
516 3561 661 3641 Rogatus
683 3565 705 3625 1.
730 3565 759 3626 2.
784 3597 825 3606 --
848 3559 1025 3638 Secundini
1049 3566 1118 3629 1.1.

427 3660 635 3727 Clarissimus
658 3665 709 3727 vir
732 3668 753 3727 t.
777 3667 806 3726 1.
828 3669 862 3739 2,
885 3662 1032 3749 pontifex
1055 3661 1108 3726 dei
1132 3662 1216 3729 Solis
1240 3668 1315 3747 (non
1331 3667 1404 3727 onte
1418 3663 1655 3746 Aurelianum),

365 3766 541 3849 septemvir
556 3764 758 3851 (epulonum)
775 3775 807 3829 et
828 3766 964 3849 insignis
984 3765 1152 3852 Lupercus
1169 3771 1190 3830 t.
1206 3771 1235 3830 1.
1255 3803 1291 3811 —
1308 3766 1346 3830 L.
1363 3765 1485 3830 Baebia
1501 3765 1658 3830 Sallustia

362 3866 575 3933 Crescentilla
596 3890 680 3932 uxor
703 3873 724 3937 1.
746 3872 780 3934 2.

300 3969 383 4034 1288
407 3968 572 4049 Crescens,
600 3971 738 4034 Neronis
761 3970 897 4035 libertus
919 3993 1004 4035 anno
1021 3972 1062 4035 69
1081 3970 1279 4054 Carthagine
1302 3969 1432 4056 epulum
1455 3969 1543 4057 plebi
1565 3969 1658 4034 dedit

363 4072 404 4136 ob
426 4070 583 4136 laetitiam
607 4085 766 4138 recentem
790 4075 916 4159 imperii
940 4072 1078 4138 Othonis
1106 4075 1179 4138 Tac.
1202 4073 1233 4142 lr.
1257 4079 1285 4150 1,
1309 4078 1359 4138 76.

304 4175 384 4237 1289
407 4173 574 4256 Crescens,
592 4175 801 4261 philosophus
819 4175 972 4260 Cynicus,
989 4177 1045 4260 qui
1061 4175 1299 4240 Antoninorum
1317 4175 1517 4260 temporibus
1533 4173 1657 4240 Romae

364 4275 512 4360 degebat,
529 4288 642 4342 contra
657 4299 754 4363 quern
767 4279 914 4343 Iustinus
930 4278 1132 4345 Christianos
1147 4277 1293 4343 defendit
1307 4278 1422 4345 Iusta.
1437 4276 1604 4360 (11101092,
1616 4281 1658 4355 3;

365 4377 500 4443 insidias
523 4381 649 4459 Iustino
673 4391 705 4445 et
727 4381 865 4445 Tatiano
888 4382 1009 4446 struxit
1034 4381 1160 4447 Tatiae.
1185 4379 1333 4445 adversus
1353 4383 1516 4462 ι(μ>111.19;
1542 4389 1659 4446 auctor

364 4480 514 4566 supplicii
536 4483 651 4548 Iustini
668 4483 785 4548 Euseb.
802 4482 874 4548 lu'st.
891 4485 995 4550 eccles
1011 4490 1041 4562 4,
1058 4491 1099 4549 17
1120 4485 1190 4567 (ubi
1210 4485 1307 4548 uerba
1328 4484 1448 4548 Iustina
1468 4487 1497 4546 cl
1524 4482 1661 4547 Telesini

364 4582 566 4666 offeranda),
595 4585 711 4651 Enscb.
736 4607 815 4652 orne.
840 4585 946 4651 ebron.
970 4587 1014 4652 cd
1035 4609 1064 4654 a.
1087 4587 1169 4652 Aor.
1192 4591 1276 4653 2168
1298 4616 1339 4639 =
1361 4585 1546 4667 ffieronym.
1569 4589 1658 4649 2170

362 4715 405 4739 =
423 4685 558 4768 Syncell.
574 4709 611 4770 p.
626 4692 694 4764 663,
710 4693 739 4764 6,
762 4689 946 4770 Hieronpm.
963 4689 1000 4753 de
1020 4691 1079 4756 se'r.
1102 4689 1148 4754 et.
1171 4694 1216 4755 23
1237 4689 1331 4771 Hp.
1346 4692 1408 4754 851
1430 4687 1478 4752 ed.
1502 4686 1657 4765 Vallo-rai,

364 4789 485 4854 Sutdas
506 4789 532 4854 I
541 4813 578 4873 p.
593 4794 676 4855 1018
698 4791 745 4859 ed.
767 4791 968 4875 Bernhardy.

320 4929 364 4937 —
386 4890 429 4955 M.
454 4892 613 4958 Aemilius
637 4893 804 4962 Crescens.
