3732 5630
360 311 648 367 AVRVNCVLEIVS
1008 303 1071 368 220
1481 311 1714 369 Avsuvnulvs

380 409 489 417 --——

319 515 324 528 '
423 527 580 592 reptasse,
609 507 791 574 Gallienum
814 513 918 572 eutem
941 509 1146 596 oymupnandi
1168 509 1314 574 Postumi
1333 509 1438 574 dudio
1453 531 1569 593 paean
1592 531 1661 575 ame
1682 533 1715 576 eo

425 612 633 695 composuisse
666 613 792 678 omuino
818 633 990 696 perperam
1024 618 1158 678 enarrat
1191 617 1303 678 auctor
1334 614 1419 679 ritae
1446 612 1591 679 Galliam
1617 617 1650 690 2,
1679 619 1699 678 6
1705 633 1715 690 ,·

423 720 452 793 3,
469 721 497 780 1.
513 720 551 792 4,·
572 719 601 792 4,
618 721 638 780 6
660 716 701 797 of.
717 716 770 780 eit.
789 716 862 799 trip.
879 720 939 799 tyr.
956 720 1006 792 11,
1020 720 1050 780 3.
1085 714 1177 781 Bello
1192 739 1213 781 a
1227 715 1376 782 Gallieno
1398 725 1512 782 contra
1527 716 1714 782 Postumum

423 828 513 903 gesto
537 818 699 902 interfuit,
730 817 787 883 sed
816 819 857 884 ab
880 820 1074 904 imperatore
1096 819 1289 884 Postumum
1311 821 1463 905 persequi
1485 820 1592 884 iussus
1615 817 1715 884 noluit

424 921 573 988 Zonaras
596 942 632 1003 p.
655 925 715 986 144
748 921 789 1003 cf.
818 921 872 986 eit.
902 919 1041 986 Callian.
1074 926 1101 997 7,
1132 926 1169 985 1:
1201 921 1365 987 Aureolus
1395 943 1469 986 cum
1498 943 1557 1008 per
1585 921 1714 986 Baetim

423 1022 606 1108 legionibus
626 1033 797 1109 praeesset,
820 1034 948 1108 sumpto
964 1025 1099 1108 imperio
1115 1025 1249 1090 Romam
1265 1023 1482 1090 contendebat
1499 1023 1605 1092 Victor
1625 1022 1713 1090 Caes.

422 1131 472 1204 33,
489 1132 545 1204 17;
559 1126 676 1190 rectius
689 1131 725 1190 ut
738 1125 862 1190 oidetm
877 1126 1024 1191 Zosimus
1038 1132 1066 1203 1,
1082 1131 1122 1190 40
1140 1125 1192 1206 (es
1205 1127 1310 1192 eodem
1325 1127 1411 1208 sonte
1431 1128 1554 1192 brevitas
1569 1127 1715 1192 Zonaras

424 1235 476 1307 12,
498 1232 541 1295 25
562 1227 647 1310 init.)
671 1229 846 1316 ἀγγέλλεται
872 1231 1030 1318 fallerent
1050 1239 1094 1318 τῷ
1116 1231 1189 1316 πρὸς
1211 1229 1330 1302 Σκύθας
1350 1232 1571 1317 ἐγκαρτερεῦντι
1593 1231 1714 1315 πολέμῳ

423 1335 472 1398 τὸν
501 1339 554 1416 τῆς
581 1334 671 1396 ἵππου
701 1334 798 1420 πάσης
819 1332 984 1419 ἡγούμενον
1009 1329 1152 1418 Αὐρίολον
1176 1335 1206 1398 ἐν
1231 1331 1409 1422 Μεδιολάνῳ
1431 1343 1468 1418 τῇ
1490 1333 1576 1399 πόλει
1596 1337 1650 1418 τὴν
1670 1335 1716 1398 ἐπὶ

423 1437 476 1521 τὴν
500 1433 626 1500 Ἰταλίαν
650 1435 778 1521 πάροδον
802 1433 975 1520 Ποστούμαυ
998 1435 1174 1522 τεταγμένον
1201 1439 1436 1523 παραφυλάττειν
1459 1440 1500 1509 εἰς
1528 1439 1562 1502 τὸ
1585 1438 1717 1522 νεωτερί-

426 1543 484 1612 ζειν
508 1539 675 1624 τετράφθαι
695 1542 757 1604 κτλ.
790 1535 960 1602 Gallienus
982 1537 1094 1602 audita
1116 1536 1292 1603 rebellione
1316 1561 1354 1603 ex
1378 1537 1510 1624 Illyrico
1533 1541 1566 1603 in
1589 1538 1714 1604 Italiam

425 1641 589 1727 proiectus
605 1638 785 1705 Aureolum
803 1641 890 1726 apud
907 1651 1047 1726 pontem,
1071 1643 1123 1706 cui
1147 1663 1188 1705 ex
1211 1663 1248 1705 eo
1270 1662 1389 1707 noman
1409 1641 1542 1707 Aureoli
1566 1653 1624 1725 est,
1648 1643 1715 1706 acie

424 1745 512 1826 vicit,
534 1744 657 1808 victum
681 1741 902 1808 Mediolanum
924 1745 1031 1827 coegit
1053 1743 1243 1829 obseditque
1266 1743 1373 1809 Victor
1392 1744 1482 1813 Caes.
1495 1749 1546 1822 33,
1562 1749 1612 1822 18,
1636 1745 1714 1829 Epi-

425 1851 504 1912 tonse
524 1850 575 1923 33,
597 1851 618 1910 3
648 1846 689 1927 of.
713 1846 875 1912 Zosimum
905 1851 934 1912 et
960 1847 1125 1912 Zonaram
1148 1847 1167 1910 l.
1192 1846 1212 1911 l.
1242 1843 1339 1928 (falso
1369 1851 1405 1910 nt
1429 1846 1508 1912 solet
1529 1852 1642 1912 auctor
1662 1849 1714 1914 vit.

424 1950 495 2032 trip.
519 1953 694 2032 tyr.11‚4
723 1969 793 2014 eam
815 1970 960 2032 pupnam
987 1948 1126 2015 Claudio
1157 1950 1291 2035 tribuit).
1344 1948 1512 2015 Fabellam
1543 1949 1714 2015 abundem

424 2050 461 2116 de
483 2055 653 2116 commento
675 2051 819 2128 Aureoli,
842 2073 902 2134 pito
923 2051 1090 2117 Gallienus
1106 2053 1238 2134 periret,
1259 2051 1382 2116 rettulit
1404 2050 1511 2116 Victor
1523 2057 1573 2130 33,
1589 2059 1652 2131 20;
1674 2051 1716 2117 ad

424 2153 554 2219 saudan
583 2153 693 2220 suasu
721 2154 870 2238 Epitmne
890 2159 940 2231 33,
962 2159 992 2220 3.
1037 2156 1213 2240 Postquam
1243 2154 1392 2222 Gallieno
1422 2156 1527 2220 occiso
1557 2153 1713 2221 Claudius

424 2257 601 2341 imperator
622 2268 827 2345 nuncupatus
851 2267 915 2335 est,
939 2256 1100 2324 Aureolus
1124 2256 1261 2324 Claudio
1284 2279 1318 2322 se
1338 2257 1479 2341 dedidit,
1509 2258 1566 2322 sed
1589 2261 1713 2324 occisus

425 2369 474 2424 est
496 2369 539 2444 (a.
558 2359 634 2444 268)
657 2361 805 2444 Epitome
825 2366 874 2439 34,
898 2365 931 2438 2,
955 2360 1101 2426 Zosimus
1122 2367 1150 2438 1,
1173 2365 1223 2438 41,
1247 2360 1395 2426 Zonaras
1416 2365 1469 2438 12,
1491 2365 1536 2426 26
1557 2363 1638 2440 inu,
1661 2364 1714 2427 eit.

428 2462 562 2530 Claudii
580 2468 609 2532 5.
662 2464 823 2528 Diversae
850 2463 1052 2528 diversorum
1083 2465 1285 2529 narrationes
1315 2463 1355 2528 de
1385 2463 1519 2530 Aureoli
1553 2485 1632 2530 nece
1661 2467 1712 2530 uit.

423 2565 597 2630 Aureliani
616 2570 666 2642 16,
689 2571 763 2634 1-3.
794 2601 834 2614 -
865 2565 1026 2632 Aureolus
1052 2589 1070 2630 a
1094 2565 1188 2631 Gallo
1218 2567 1391 2652 Antipatro
1420 2589 1530 2631 rerum
1559 2569 1713 2654 scriptore

423 2668 574 2734 laudatus
590 2670 644 2734 m't.
666 2669 801 2735 Claudii
812 2674 841 2747 5,
856 2675 886 2735 4.
905 2706 942 2716 -
957 2670 1160 2735 Mentoratur
1173 2671 1227 2734 oit.
1249 2668 1394 2735 Gallieni
1406 2673 1435 2748 5,
1450 2673 1471 2734 6
1478 2691 1489 2748 ,·
1511 2674 1540 2746 9,
1556 2675 1595 2749 1,·
1616 2677 1669 2748 21,
1682 2676 1711 2746 5,

424 2774 496 2855 trip.
513 2777 572 2855 tyr.
588 2777 641 2850 12,
656 2777 698 2850 2;
712 2777 762 2850 14,
778 2779 815 2851 1;
835 2777 930 2850 18,1.
946 2777 984 2851 3;
1006 2779 1058 2849 30,
1074 2777 1127 2848 23,
1150 2772 1284 2838 Claudii
1297 2777 1326 2848 4,
1341 2777 1372 2850 4,
1387 2771 1550 2837 Ammian.
1567 2773 1712 2838 Marcell.

423 2880 476 2950 21,
493 2879 607 2951 16,10,
633 2874 750 2942 Zosim.
770 2881 799 2952 1,
814 2879 864 2940 38.

492 2978 616 3043 Titulus
647 2980 714 3044 eins
743 2999 876 3062 praenes
908 2977 1097 3062 sepulcralis
1127 2980 1183 3060 qui
1215 2979 1290 3044 olins
1322 2982 1463 3044 ancones
1499 2979 1636 3044 meditere
1671 2983 1713 3043 est

426 3080 509 3146 CIC
531 3085 620 3160 6761,
644 3085 726 3145 reete
748 3083 783 3146 iu
805 3081 906 3163 falsos
929 3082 1068 3147 obiectus
1092 3087 1137 3145 est
1158 3083 1199 3163 of.
1223 3082 1306 3147 ICI
1319 3081 1413 3158 366*,
1436 3085 1543 3164 utpote
1564 3081 1657 3164 fietus
1678 3102 1714 3146 ea

425 3185 652 3267 epmrammate
674 3185 746 3268 trip.
770 3189 828 3266 tur.
852 3189 900 3261 11,
918 3191 948 3249 5.
995 3185 1063 3248 Nec
1090 3185 1195 3249 rotinus
1222 3187 1344 3249 nmnrm
1364 3183 1507 3259 Aureoli,
1536 3185 1593 3266 qui
1614 3182 1713 3248 adbuc

424 3286 460 3349 in
473 3285 609 3350 medium
618 3285 745 3369 prolati
758 3291 840 3363 sunt,
864 3287 908 3351 ad
924 3307 1021 3351 unum
1044 3307 1147 3352 omnes
1162 3292 1235 3352 sunt
1250 3287 1328 3368 falsi
1342 3288 1383 3368 ef.
1401 3285 1506 3352 Colere
1529 3284 1580 3351 VI
1582 3285 1595 3324 ²
1612 3309 1647 3369 p.
1663 3291 1710 3351 90.

362 3388 444 3452 1³39
467 3387 707 3453 Aurunculeius
729 3387 959 3472 Cornelianus,
990 3391 1042 3454 vir
1071 3387 1188 3454 uobilis
1217 3413 1237 3454 a
1260 3389 1415 3476 Septimio
1439 3387 1561 3455 Severo
1591 3389 1711 3452 occisus

423 3492 476 3556 uit.
500 3489 610 3556 Seueri
631 3495 680 3568 13,
703 3495 735 3555 2.

363 3593 444 3658 1840
466 3602 665 3658 AVRVNch
687 3599 880 3660 muneratur
901 3595 936 3659 in
963 3595 1098 3677 epistula
1119 3595 1233 3679 synodi
1253 3593 1417 3659 ouiitsdam
1437 3599 1474 3658 ut
1493 3592 1618 3658 uidetur
1638 3593 1713 3658 dato

425 3695 468 3760 ad
489 3698 710 3780 inmoratorem
729 3698 833 3762 neseio
854 3719 944 3778 quem
959 3702 1035 3780 post
1056 3697 1273 3775 Hadrianum,
1295 3698 1432 3780 fmtosse
1455 3696 1499 3761 ad
1517 3695 1713 3761 Antoninum

424 3798 521 3863 Pium
541 3799 620 3865 CIA
635 3798 701 3864 III
717 3804 778 3864 21:
801 3798 953 3890 Ὠροΰνιιῳ
976 3813 1020 3888 τῷ
1042 3799 1243 3887 άν[8υτάτῳ];
1261 3799 1435 3883 proconsul
1448 3798 1595 3864 Achaiae
1617 3799 1714 3880 fuisse
1850 3875 1851 3902 1

423 3900 555 3967 uidetur.
1850 3907 1851 3940 l

380 4038 424 4049 -
444 4002 481 4070 C.
504 4003 665 4070 Antistius
687 4004 833 4089 Auspex.

380 4143 424 4154 —
444 4105 549 4172 Iulius
570 4106 715 4194 Auspex.

380 4245 424 4254 —
445 4217 492 4272 TI.
516 4219 640 4274 IVLIVS
663 4219 872 4276 POLLIENVS
896 4220 1052 4277 AVSPEX.

380 4349 423 4358 —
445 4324 480 4377 A.
503 4320 713 4377 POLLENIVS
739 4323 895 4379 AVSPEX.

362 4415 441 4480 1341
468 4413 703 4501 [Aluspieatus‚
735 4417 857 4480 amicus
887 4416 1036 4481 Dasumii
1068 4416 1119 4481 VI
1139 4421 1247 4483 10229
1276 4437 1303 4479 v.
1332 4419 1373 4480 18
1401 4421 1619 4482 testamentum
1644 4415 1714 4481 Da-

423 4518 528 4582 sumii.
552 4553 590 4564 -
620 4517 767 4601 Copitari
788 4523 894 4601 potest
926 4518 963 4583 de
991 4517 1031 4585 A.
1058 4517 1172 4584 Curtio
1203 4518 1380 4604 Auspicato
1410 4518 1617 4600 Titinniano,
1649 4517 1714 4582 filio

426 4618 467 4684 A.
491 4617 597 4685 Curtii
619 4619 760 4706 Crispini
783 4620 850 4686 III
866 4625 930 4687 231
954 4620 1088 4686 eiusdem
1111 4623 1178 4703 fere
1201 4622 1316 4686 aetatis
1338 4621 1378 4702 es.
1401 4619 1496 4686 XIV
1510 4624 1604 4685 3030.

361 4723 443 4788 1342
467 4723 503 4801 Q.
527 4721 724 4788 Austurnius
747 4723 935 4810 Lappianus
955 4728 1148 4788 intemeratur
1169 4723 1203 4788 iu
1227 4728 1247 4790 t.
1270 4723 1380 4788 siamus
1403 4723 1495 4788 VIII
1512 4725 1596 4788 7978
1617 4721 1714 4788 Rusi-
1850 4719 1851 4770 f

421 4825 557 4893 tudensi.
601 4826 638 4892 P.
661 4825 701 4908 i.‚
732 4827 819 4892 tribu
843 4827 998 4908 Quirina,
1029 4848 1113 4912 equo
1144 4824 1273 4912 publico
1297 4833 1487 4908 exornatus,
1519 4825 1713 4890 ducenarius

423 4933 630 5018 (procurator
645 4933 681 4994 ut
693 4927 828 5014 uidetur)
841 4929 909 5013 bis3
925 4927 1049 5007 aedilis,
1064 4929 1168 4994 HIvir
1180 4929 1250 4994 1111
1265 4927 1464 4993 coloniarum
1479 4926 1711 5013 (Cirtensium),
