<?xml version="1.0" encoding="UTF-8"?>
<!DOCTYPE html PUBLIC "-//W3C//DTD XHTML 1.0 Transitional//EN"
    "http://www.w3.org/TR/xhtml1/DTD/xhtml1-transitional.dtd">
<html xmlns="http://www.w3.org/1999/xhtml" xml:lang="en" lang="en">
 <head>
  <title>
</title>
<meta http-equiv="Content-Type" content="text/html;charset=utf-8" />
  <meta name='ocr-system' content='tesseract 3.04.00' />
  <meta name='ocr-capabilities' content='ocr_page ocr_carea ocr_par ocr_line ocrx_word'/>
</head>
<body>
  <div class='ocr_page' id='page_1' title='image "./prosopographiai00dessgoog/prosopographiai00dessgoog_0436.png"; bbox 0 0 3732 5622; ppageno 0'>
   <div class='ocr_carea' id='block_1_1' title="bbox 282 325 1638 392">
    <p class='ocr_par' dir='ltr' id='par_1_1' title="bbox 282 325 1638 392">
     <span class='ocr_line' id='line_1_1' title="bbox 282 325 1638 392; baseline -0.003 0"><span class='ocrx_word' id='word_1_1' title='bbox 282 332 463 392; x_wconf 78' lang='lat' dir='ltr'><em>coocnlvs</em></span> <span class='ocrx_word' id='word_1_2' title='bbox 932 325 995 391; x_wconf 77' lang='grc'><em>428</em></span> <span class='ocrx_word' id='word_1_3' title='bbox 1459 333 1638 389; x_wconf 78' lang='lat' dir='ltr'><em>coccnlvs</em></span> 
     </span>
    </p>
   </div>
   <div class='ocr_carea' id='block_1_2' title="bbox 248 529 1663 4804">
    <p class='ocr_par' dir='ltr' id='par_1_2' title="bbox 347 529 1640 922">
     <span class='ocr_line' id='line_1_2' title="bbox 348 529 1638 608; baseline -0.002 -13"><span class='ocrx_word' id='word_1_4' title='bbox 348 533 380 596; x_wconf 90' lang='lat' dir='ltr'><em>in</em></span> <span class='ocrx_word' id='word_1_5' title='bbox 395 529 478 596; x_wconf 87' lang='lat' dir='ltr'><em>libro</em></span> <span class='ocrx_word' id='word_1_6' title='bbox 496 529 660 596; x_wconf 84' lang='lat' dir='ltr'>CXXVII</span> <span class='ocrx_word' id='word_1_7' title='bbox 676 533 749 594; x_wconf 87' lang='lat' dir='ltr'><em>teste</em></span> <span class='ocrx_word' id='word_1_8' title='bbox 765 529 911 608; x_wconf 62' lang='lat' dir='ltr'><em>tundata</em></span> <span class='ocrx_word' id='word_1_9' title='bbox 935 535 978 608; x_wconf 92' lang='lat' dir='ltr'><em>ot,</em></span> <span class='ocrx_word' id='word_1_10' title='bbox 999 531 1090 595; x_wconf 88' lang='lat' dir='ltr'><em>modo</em></span> <span class='ocrx_word' id='word_1_11' title='bbox 1104 535 1187 596; x_wconf 90' lang='lat' dir='ltr'><em>recte</em></span> <span class='ocrx_word' id='word_1_12' title='bbox 1207 549 1356 595; x_wconf 80' lang='lat' dir='ltr'><em>numeros</em></span> <span class='ocrx_word' id='word_1_13' title='bbox 1379 530 1456 595; x_wconf 77' lang='lat' dir='ltr'><em>iibri</em></span> <span class='ocrx_word' id='word_1_14' title='bbox 1477 529 1638 606; x_wconf 82' lang='lat' dir='ltr'><em>tradatur,</em></span> 
     </span>
     <span class='ocr_line' id='line_1_3' title="bbox 347 632 1640 718; baseline -0.004 -18"><span class='ocrx_word' id='word_1_15' title='bbox 347 634 525 718; x_wconf 80' lang='lat' dir='ltr'><em>Porphyrio</em></span> <span class='ocrx_word' id='word_1_16' title='bbox 540 633 625 716; x_wconf 75' lang='lat' dir='ltr'><em>saiso</em></span> <span class='ocrx_word' id='word_1_17' title='bbox 640 653 703 698; x_wconf 86' lang='lat' dir='ltr'><em>non</em></span> <span class='ocrx_word' id='word_1_18' title='bbox 719 632 763 696; x_wconf 83' lang='lat' dir='ltr'><em>od</em></span> <span class='ocrx_word' id='word_1_19' title='bbox 781 633 987 698; x_wconf 79' lang='lat' dir='ltr'><em>Tarentinum</em></span> <span class='ocrx_word' id='word_1_20' title='bbox 1000 635 1120 716; x_wconf 77' lang='lat' dir='ltr'><em>foedos,</em></span> <span class='ocrx_word' id='word_1_21' title='bbox 1132 634 1188 700; x_wconf 86' lang='lat' dir='ltr'><em>sed</em></span> <span class='ocrx_word' id='word_1_22' title='bbox 1201 634 1246 698; x_wconf 83' lang='lat' dir='ltr'><em>od</em></span> <span class='ocrx_word' id='word_1_23' title='bbox 1258 635 1489 700; x_wconf 67' lang='lat' dir='ltr'><em>Brundisinam</em></span> <span class='ocrx_word' id='word_1_24' title='bbox 1503 635 1640 698; x_wconf 85' lang='lat' dir='ltr'><em>satiram</em></span> 
     </span>
     <span class='ocr_line' id='line_1_4' title="bbox 347 734 1640 820; baseline -0.003 -18"><span class='ocrx_word' id='word_1_25' title='bbox 347 737 481 802; x_wconf 75' lang='lat' dir='ltr'><em>Horatii</em></span> <span class='ocrx_word' id='word_1_26' title='bbox 508 734 638 800; x_wconf 88' lang='lat' dir='ltr'><em>rettoiit.</em></span> <span class='ocrx_word' id='word_1_27' title='bbox 685 734 771 798; x_wconf 83' lang='lat' dir='ltr'><em>Nam</em></span> <span class='ocrx_word' id='word_1_28' title='bbox 799 757 837 799; x_wconf 81' lang='lat' dir='ltr'><em>ec</em></span> <span class='ocrx_word' id='word_1_29' title='bbox 859 735 1022 818; x_wconf 76' lang='lat' dir='ltr'><strong><em>periochis</em></strong></span> <span class='ocrx_word' id='word_1_30' title='bbox 1050 735 1204 802; x_wconf 79' lang='lat' dir='ltr'><em>iibronon</em></span> <span class='ocrx_word' id='word_1_31' title='bbox 1235 738 1320 800; x_wconf 73' lang='lat' dir='ltr'><em>Isioii</em></span> <span class='ocrx_word' id='word_1_32' title='bbox 1349 741 1496 820; x_wconf 76' lang='lat' dir='ltr'><em>apponet,</em></span> <span class='ocrx_word' id='word_1_33' title='bbox 1527 735 1640 818; x_wconf 80' lang='lat' dir='ltr'><em>foedas</em></span> 
     </span>
     <span class='ocr_line' id='line_1_5' title="bbox 351 836 1639 922; baseline -0.003 -18"><span class='ocrx_word' id='word_1_34' title='bbox 351 839 556 905; x_wconf 83' lang='lat' dir='ltr'><em>Tarentinum</em></span> <span class='ocrx_word' id='word_1_35' title='bbox 579 836 660 900; x_wconf 85' lang='lat' dir='ltr'><em>iibro</em></span> <span class='ocrx_word' id='word_1_36' title='bbox 683 838 847 900; x_wconf 84' lang='lat' dir='ltr'><em>centesimo</em></span> <span class='ocrx_word' id='word_1_37' title='bbox 867 838 1013 902; x_wconf 82' lang='lat' dir='ltr'><em>uicesimo</em></span> <span class='ocrx_word' id='word_1_38' title='bbox 1035 843 1143 903; x_wconf 90' lang='lat' dir='ltr'><em>octooo</em></span> <span class='ocrx_word' id='word_1_39' title='bbox 1162 838 1283 904; x_wconf 56' lang='lat' dir='ltr'><em>&amp;mum</em></span> <span class='ocrx_word' id='word_1_40' title='bbox 1300 839 1472 904; x_wconf 73' lang='lat' dir='ltr'><em>manorori</em></span> <span class='ocrx_word' id='word_1_41' title='bbox 1487 838 1639 922; x_wconf 83' lang='lat' dir='ltr'><em>potuisse.</em></span> 
     </span>
    </p>

    <p class='ocr_par' dir='ltr' id='par_1_3' title="bbox 348 938 1639 1232">
     <span class='ocr_line' id='line_1_6' title="bbox 410 938 1639 1024; baseline -0.001 -19"><span class='ocrx_word' id='word_1_42' title='bbox 410 941 530 1006; x_wconf 85' lang='lat' dir='ltr'><em>Frater</em></span> <span class='ocrx_word' id='word_1_43' title='bbox 550 938 673 1004; x_wconf 85' lang='lat' dir='ltr'><em>uidetur</em></span> <span class='ocrx_word' id='word_1_44' title='bbox 696 939 746 1004; x_wconf 87' lang='lat' dir='ltr'><em>M.</em></span> <span class='ocrx_word' id='word_1_45' title='bbox 768 939 878 1004; x_wconf 79' lang='lat' dir='ltr'><em>Coccei</em></span> <span class='ocrx_word' id='word_1_46' title='bbox 902 940 1028 1005; x_wconf 78' lang='lat' dir='ltr'><em>Nereae</em></span> <span class='ocrx_word' id='word_1_47' title='bbox 1050 941 1187 1006; x_wconf 81' lang='lat' dir='ltr'><em>consolis</em></span> <span class='ocrx_word' id='word_1_48' title='bbox 1209 963 1238 1006; x_wconf 89' lang='lat' dir='ltr'><strong>o.</strong></span> <span class='ocrx_word' id='word_1_49' title='bbox 1257 945 1317 1006; x_wconf 86' lang='grc'><em>718</em></span> <span class='ocrx_word' id='word_1_50' title='bbox 1331 972 1372 996; x_wconf 93' lang='lat'><strong><em>=</em></strong></span> <span class='ocrx_word' id='word_1_51' title='bbox 1387 947 1430 1006; x_wconf 78' lang='lat'><em>36</em></span> <span class='ocrx_word' id='word_1_52' title='bbox 1451 942 1491 1024; x_wconf 82' lang='lat' dir='ltr'><em>cs.</em></span> <span class='ocrx_word' id='word_1_53' title='bbox 1514 963 1545 1006; x_wconf 91' lang='lat' dir='ltr'><strong>n.</strong></span> <span class='ocrx_word' id='word_1_54' title='bbox 1565 945 1639 1004; x_wconf 84' lang='lat'><strong>971.</strong></span> 
     </span>
     <span class='ocr_line' id='line_1_7' title="bbox 348 1041 1639 1128; baseline -0.004 -18"><span class='ocrx_word' id='word_1_55' title='bbox 348 1044 522 1127; x_wconf 82' lang='lat' dir='ltr'><em>Perperum</em></span> <span class='ocrx_word' id='word_1_56' title='bbox 545 1041 662 1106; x_wconf 88' lang='lat' dir='ltr'><em>dicitur</em></span> <span class='ocrx_word' id='word_1_57' title='bbox 683 1061 765 1104; x_wconf 90' lang='lat' dir='ltr'><em>avus</em></span> <span class='ocrx_word' id='word_1_58' title='bbox 787 1041 916 1107; x_wconf 82' lang='lat' dir='ltr'><em>Neruae</em></span> <span class='ocrx_word' id='word_1_59' title='bbox 939 1043 994 1128; x_wconf 90' lang='lat' dir='ltr'><em>qui</em></span> <span class='ocrx_word' id='word_1_60' title='bbox 1018 1044 1189 1128; x_wconf 88' lang='lat' dir='ltr'><em>imperavit</em></span> <span class='ocrx_word' id='word_1_61' title='bbox 1205 1043 1361 1128; x_wconf 72' lang='lat' dir='ltr'><em>Porpoor.</em></span> <span class='ocrx_word' id='word_1_62' title='bbox 1384 1043 1405 1108; x_wconf 87' lang='grc'><strong>1.</strong></span> <span class='ocrx_word' id='word_1_63' title='bbox 1428 1043 1448 1108; x_wconf 82' lang='grc'><strong>1.</strong></span> <span class='ocrx_word' id='word_1_64' title='bbox 1464 1080 1506 1089; x_wconf 91' lang='grc'>-</span> <span class='ocrx_word' id='word_1_65' title='bbox 1522 1043 1639 1108; x_wconf 78' lang='lat' dir='ltr'><em>Coccei</em></span> 
     </span>
     <span class='ocr_line' id='line_1_8' title="bbox 349 1143 1451 1232; baseline -0.003 -19"><span class='ocrx_word' id='word_1_66' title='bbox 349 1147 436 1230; x_wconf 91' lang='lat' dir='ltr'><em>villa,</em></span> <span class='ocrx_word' id='word_1_67' title='bbox 460 1167 545 1232; x_wconf 86' lang='lat' dir='ltr'><em>quac</em></span> <span class='ocrx_word' id='word_1_68' title='bbox 567 1165 664 1229; x_wconf 87' lang='lat' dir='ltr'><em>super</em></span> <span class='ocrx_word' id='word_1_69' title='bbox 686 1153 734 1208; x_wconf 87' lang='lat' dir='ltr'><em>cst</em></span> <span class='ocrx_word' id='word_1_70' title='bbox 757 1143 861 1208; x_wconf 83' lang='lat' dir='ltr'><em>Caudi</em></span> <span class='ocrx_word' id='word_1_71' title='bbox 885 1167 1048 1230; x_wconf 80' lang='lat' dir='ltr'><em>cauponas</em></span> <span class='ocrx_word' id='word_1_72' title='bbox 1070 1145 1188 1210; x_wconf 83' lang='lat' dir='ltr'><em>Horat.</em></span> <span class='ocrx_word' id='word_1_73' title='bbox 1211 1145 1230 1214; x_wconf 87' lang='grc'><strong>1.</strong></span> <span class='ocrx_word' id='word_1_74' title='bbox 1255 1146 1274 1210; x_wconf 87' lang='grc'><strong>1.</strong></span> <span class='ocrx_word' id='word_1_75' title='bbox 1297 1167 1325 1211; x_wconf 89' lang='lat' dir='ltr'><strong>o.</strong></span> <span class='ocrx_word' id='word_1_76' title='bbox 1347 1151 1389 1212; x_wconf 87' lang='lat'><em>50</em></span> <span class='ocrx_word' id='word_1_77' title='bbox 1406 1167 1451 1229; x_wconf 80' lang='lat' dir='ltr'><strong>sq.</strong></span> 
     </span>
    </p>

    <p class='ocr_par' dir='ltr' id='par_1_4' title="bbox 284 1245 1647 1741">
     <span class='ocr_line' id='line_1_9' title="bbox 284 1245 1642 1322; baseline -0.004 -6"><span class='ocrx_word' id='word_1_78' title='bbox 284 1253 342 1318; x_wconf 84' lang='grc'><strong>971</strong></span> <span class='ocrx_word' id='word_1_79' title='bbox 370 1261 409 1316; x_wconf 88' lang='grc' dir='ltr'><em>Μ.</em></span> <span class='ocrx_word' id='word_1_80' title='bbox 433 1255 781 1322; x_wconf 60' lang='lat' dir='ltr'><em>consummative,</em></span> <span class='ocrx_word' id='word_1_81' title='bbox 805 1245 917 1312; x_wconf 89' lang='lat' dir='ltr'><em>consul</em></span> <span class='ocrx_word' id='word_1_82' title='bbox 941 1270 1025 1312; x_wconf 90' lang='lat' dir='ltr'><em>anno</em></span> <span class='ocrx_word' id='word_1_83' title='bbox 1049 1248 1111 1313; x_wconf 84' lang='grc'><em>718</em></span> <span class='ocrx_word' id='word_1_84' title='bbox 1135 1277 1176 1302; x_wconf 90' lang='lat'><strong><em>=</em></strong></span> <span class='ocrx_word' id='word_1_85' title='bbox 1199 1249 1239 1314; x_wconf 82' lang='lat'><em>36</em></span> <span class='ocrx_word' id='word_1_86' title='bbox 1261 1271 1290 1314; x_wconf 91' lang='lat' dir='ltr'><strong>a.</strong></span> <span class='ocrx_word' id='word_1_87' title='bbox 1314 1248 1351 1314; x_wconf 87' lang='lat' dir='ltr'><strong>C.</strong></span> <span class='ocrx_word' id='word_1_88' title='bbox 1375 1270 1449 1313; x_wconf 89' lang='lat' dir='ltr'><em>cum</em></span> <span class='ocrx_word' id='word_1_89' title='bbox 1470 1249 1508 1313; x_wconf 94' lang='lat' dir='ltr'><em>L.</em></span> <span class='ocrx_word' id='word_1_90' title='bbox 1533 1246 1642 1315; x_wconf 84' lang='lat' dir='ltr'><em>Gellio</em></span> 
     </span>
     <span class='ocr_line' id='line_1_10' title="bbox 349 1349 1643 1440; baseline -0.007 -20"><span class='ocrx_word' id='word_1_91' title='bbox 349 1350 523 1440; x_wconf 89' lang='lat' dir='ltr'><em>Poplicola.</em></span> <span class='ocrx_word' id='word_1_92' title='bbox 548 1349 696 1416; x_wconf 87' lang='lat' dir='ltr'><em>Nononi:</em></span> <span class='ocrx_word' id='word_1_93' title='bbox 712 1353 745 1435; x_wconf 87' lang='grc' dir='ltr'><em>α)</em></span> <span class='ocrx_word' id='word_1_94' title='bbox 761 1351 795 1413; x_wconf 92' lang='lat' dir='ltr'><em>in</em></span> <span class='ocrx_word' id='word_1_95' title='bbox 811 1350 945 1415; x_wconf 70' lang='lat' dir='ltr'><em>niverno</em></span> <span class='ocrx_word' id='word_1_96' title='bbox 960 1356 1057 1433; x_wconf 81' lang='lat' dir='ltr'><em>ceput</em></span> <span class='ocrx_word' id='word_1_97' title='bbox 1073 1351 1121 1418; x_wconf 90' lang='lat' dir='ltr'><em>M.</em></span> <span class='ocrx_word' id='word_1_98' title='bbox 1135 1351 1272 1416; x_wconf 75' lang='lat' dir='ltr'><em>Antonii</em></span> <span class='ocrx_word' id='word_1_99' title='bbox 1286 1351 1463 1416; x_wconf 62' lang='lat' dir='ltr'><em>mordentes</em></span> <span class='ocrx_word' id='word_1_100' title='bbox 1478 1349 1643 1431; x_wconf 70' lang='lat' dir='ltr'><em>inscripti:</em></span> 
     </span>
     <span class='ocr_line' id='line_1_11' title="bbox 350 1453 1644 1540; baseline -0.006 -18"><span class='ocrx_word' id='word_1_101' title='bbox 350 1457 394 1522; x_wconf 90' lang='lat' dir='ltr'><em>M.</em></span> <span class='ocrx_word' id='word_1_102' title='bbox 412 1455 488 1520; x_wconf 85' lang='lat' dir='ltr'><strong>Ant.</strong></span> <span class='ocrx_word' id='word_1_103' title='bbox 506 1455 581 1539; x_wconf 89' lang='lat' dir='ltr'><em>imp.</em></span> <span class='ocrx_word' id='word_1_104' title='bbox 605 1473 679 1534; x_wconf 87' lang='lat' dir='ltr'><strong>aug.</strong></span> <span class='ocrx_word' id='word_1_105' title='bbox 703 1453 807 1517; x_wconf 85' lang='lat' dir='ltr'><em>Illvir</em></span> <span class='ocrx_word' id='word_1_106' title='bbox 829 1476 855 1517; x_wconf 87' lang='lat' dir='ltr'><strong>r.</strong></span> <span class='ocrx_word' id='word_1_107' title='bbox 878 1474 910 1538; x_wconf 91' lang='lat' dir='ltr'><em>p.</em></span> <span class='ocrx_word' id='word_1_108' title='bbox 933 1475 960 1519; x_wconf 89' lang='lat' dir='ltr'><strong>c.</strong></span> <span class='ocrx_word' id='word_1_109' title='bbox 984 1454 1028 1517; x_wconf 88' lang='lat' dir='ltr'><em>M.</em></span> <span class='ocrx_word' id='word_1_110' title='bbox 1049 1454 1158 1518; x_wconf 89' lang='lat' dir='ltr'><em>Nerva</em></span> <span class='ocrx_word' id='word_1_111' title='bbox 1181 1477 1270 1540; x_wconf 91' lang='lat' dir='ltr'><em>proq.</em></span> <span class='ocrx_word' id='word_1_112' title='bbox 1295 1477 1334 1540; x_wconf 87' lang='lat' dir='ltr'><em>p.,</em></span> <span class='ocrx_word' id='word_1_113' title='bbox 1356 1454 1392 1518; x_wconf 89' lang='lat' dir='ltr'><em>in</em></span> <span class='ocrx_word' id='word_1_114' title='bbox 1415 1474 1526 1519; x_wconf 84' lang='lat' dir='ltr'><em>aversa</em></span> <span class='ocrx_word' id='word_1_115' title='bbox 1547 1457 1644 1534; x_wconf 84' lang='lat' dir='ltr'><em>capnt</em></span> 
     </span>
     <span class='ocr_line' id='line_1_12' title="bbox 348 1553 1645 1637; baseline -0.008 -12"><span class='ocrx_word' id='word_1_116' title='bbox 348 1561 387 1626; x_wconf 85' lang='lat' dir='ltr'><em>L.</em></span> <span class='ocrx_word' id='word_1_117' title='bbox 410 1557 561 1623; x_wconf 79' lang='lat' dir='ltr'><em>Antonii:</em></span> <span class='ocrx_word' id='word_1_118' title='bbox 591 1555 629 1620; x_wconf 94' lang='lat' dir='ltr'><em>L.</em></span> <span class='ocrx_word' id='word_1_119' title='bbox 654 1555 814 1620; x_wconf 88' lang='lat' dir='ltr'><em>Antonius</em></span> <span class='ocrx_word' id='word_1_120' title='bbox 844 1579 908 1620; x_wconf 90' lang='lat' dir='ltr'><em>cos.</em></span> <span class='ocrx_word' id='word_1_121' title='bbox 932 1555 1092 1632; x_wconf 87' lang='lat' dir='ltr'><em>Bobeion,</em></span> <span class='ocrx_word' id='word_1_122' title='bbox 1124 1557 1294 1621; x_wconf 80' lang='lat' dir='ltr'><em>Monnaies</em></span> <span class='ocrx_word' id='word_1_123' title='bbox 1323 1556 1360 1620; x_wconf 86' lang='lat' dir='ltr'><em>de</em></span> <span class='ocrx_word' id='word_1_124' title='bbox 1390 1555 1423 1621; x_wconf 84' lang='lat' dir='ltr'><em>io</em></span> <span class='ocrx_word' id='word_1_125' title='bbox 1445 1553 1645 1637; x_wconf 71' lang='lat' dir='ltr'><em>Reiprobiique</em></span> 
     </span>
     <span class='ocr_line' id='line_1_13' title="bbox 349 1657 1647 1741; baseline -0.007 -13"><span class='ocrx_word' id='word_1_126' title='bbox 349 1661 507 1728; x_wconf 84' lang='lat' dir='ltr'><em>Romaioc</em></span> <span class='ocrx_word' id='word_1_127' title='bbox 522 1659 547 1722; x_wconf 94' lang='grc' dir='ltr'><em>Ι</em></span> <span class='ocrx_word' id='word_1_128' title='bbox 556 1679 593 1741; x_wconf 82' lang='lat' dir='ltr'><strong>p.</strong></span> <span class='ocrx_word' id='word_1_129' title='bbox 612 1663 677 1721; x_wconf 77' lang='lat'><em>367</em></span> <span class='ocrx_word' id='word_1_130' title='bbox 694 1679 726 1722; x_wconf 94' lang='lat' dir='ltr'><strong>n.</strong></span> <span class='ocrx_word' id='word_1_131' title='bbox 748 1664 785 1736; x_wconf 85' lang='lat'><em>1;</em></span> <span class='ocrx_word' id='word_1_132' title='bbox 807 1657 843 1740; x_wconf 86' lang='grc'><em>2)</em></span> <span class='ocrx_word' id='word_1_133' title='bbox 873 1658 981 1722; x_wconf 70' lang='lat' dir='ltr'><em>cotton</em></span> <span class='ocrx_word' id='word_1_134' title='bbox 1011 1658 1144 1722; x_wconf 78' lang='lat' dir='ltr'><em>ode-orso</em></span> <span class='ocrx_word' id='word_1_135' title='bbox 1172 1661 1238 1724; x_wconf 86' lang='lat' dir='ltr'><em>nisi</em></span> <span class='ocrx_word' id='word_1_136' title='bbox 1264 1659 1347 1741; x_wconf 76' lang='lat' dir='ltr'><em>qnod</em></span> <span class='ocrx_word' id='word_1_137' title='bbox 1375 1659 1568 1741; x_wconf 78' lang='lat' dir='ltr'><em>adscriptum</em></span> <span class='ocrx_word' id='word_1_138' title='bbox 1598 1661 1647 1719; x_wconf 82' lang='lat' dir='ltr'><em>est</em></span> 
     </span>
    </p>

    <p class='ocr_par' dir='ltr' id='par_1_5' title="bbox 248 1751 1649 1951">
     <span class='ocr_line' id='line_1_14' title="bbox 248 1751 1649 1846; baseline -0.006 -16"><span class='ocrx_word' id='word_1_139' title='bbox 248 1751 251 1756; x_wconf 24' lang='lat'>¹</span> <span class='ocrx_word' id='word_1_140' title='bbox 349 1765 393 1830; x_wconf 94' lang='lat' dir='ltr'><em>M.</em></span> <span class='ocrx_word' id='word_1_141' title='bbox 415 1764 525 1827; x_wconf 88' lang='lat' dir='ltr'><em>Nerva</em></span> <span class='ocrx_word' id='word_1_142' title='bbox 546 1783 576 1846; x_wconf 93' lang='lat' dir='ltr'><em>q.</em></span> <span class='ocrx_word' id='word_1_143' title='bbox 601 1783 641 1845; x_wconf 94' lang='lat' dir='ltr'><em>p.,</em></span> <span class='ocrx_word' id='word_1_144' title='bbox 665 1761 701 1824; x_wconf 89' lang='lat' dir='ltr'><em>in</em></span> <span class='ocrx_word' id='word_1_145' title='bbox 723 1780 835 1824; x_wconf 84' lang='lat' dir='ltr'><em>averso</em></span> <span class='ocrx_word' id='word_1_146' title='bbox 857 1765 952 1842; x_wconf 69' lang='lat' dir='ltr'><em>eopmt</em></span> <span class='ocrx_word' id='word_1_147' title='bbox 979 1759 1014 1827; x_wconf 89' lang='lat' dir='ltr'><strong>C.</strong></span> <span class='ocrx_word' id='word_1_148' title='bbox 1035 1759 1185 1825; x_wconf 83' lang='lat' dir='ltr'><em>Caesaris</em></span> <span class='ocrx_word' id='word_1_149' title='bbox 1207 1782 1277 1826; x_wconf 77' lang='lat' dir='ltr'><em>encre</em></span> <span class='ocrx_word' id='word_1_150' title='bbox 1298 1761 1504 1844; x_wconf 76' lang='lat' dir='ltr'><em>inscriptione</em></span> <span class='ocrx_word' id='word_1_151' title='bbox 1524 1759 1649 1825; x_wconf 89' lang='lat' dir='ltr'><em>Caesar</em></span> 
     </span>
     <span class='ocr_line' id='line_1_15' title="bbox 350 1861 1090 1951; baseline -0.005 -19"><span class='ocrx_word' id='word_1_152' title='bbox 350 1869 427 1951; x_wconf 90' lang='lat' dir='ltr'><em>imp.</em></span> <span class='ocrx_word' id='word_1_153' title='bbox 451 1874 538 1951; x_wconf 90' lang='lat' dir='ltr'><em>pont.</em></span> <span class='ocrx_word' id='word_1_154' title='bbox 562 1863 667 1928; x_wconf 89' lang='lat' dir='ltr'><em>IlIvir</em></span> <span class='ocrx_word' id='word_1_155' title='bbox 689 1884 715 1926; x_wconf 87' lang='lat' dir='ltr'><strong>r.</strong></span> <span class='ocrx_word' id='word_1_156' title='bbox 738 1884 769 1948; x_wconf 91' lang='lat' dir='ltr'><em>p.</em></span> <span class='ocrx_word' id='word_1_157' title='bbox 794 1885 821 1927; x_wconf 94' lang='lat' dir='ltr'><strong>c.</strong></span> <span class='ocrx_word' id='word_1_158' title='bbox 844 1861 990 1927; x_wconf 82' lang='lat' dir='ltr'><em>Bobeton</em></span> <span class='ocrx_word' id='word_1_159' title='bbox 1010 1883 1042 1927; x_wconf 91' lang='lat' dir='ltr'><strong>n.</strong></span> <span class='ocrx_word' id='word_1_160' title='bbox 1058 1869 1090 1928; x_wconf 92' lang='grc'><em>2.</em></span> 
     </span>
    </p>

    <p class='ocr_par' dir='ltr' id='par_1_6' title="bbox 351 1963 1646 2343">
     <span class='ocr_line' id='line_1_16' title="bbox 414 1963 1646 2043; baseline -0.006 -10"><span class='ocrx_word' id='word_1_161' title='bbox 414 1968 457 2033; x_wconf 91' lang='lat' dir='ltr'><em>In</em></span> <span class='ocrx_word' id='word_1_162' title='bbox 483 1965 666 2031; x_wconf 82' lang='lat' dir='ltr'><em>consolato:</em></span> <span class='ocrx_word' id='word_1_163' title='bbox 695 1963 740 2031; x_wconf 91' lang='lat' dir='ltr'><em>M.</em></span> <span class='ocrx_word' id='word_1_164' title='bbox 765 1964 920 2029; x_wconf 81' lang='lat' dir='ltr'><em>Cocceius</em></span> <span class='ocrx_word' id='word_1_165' title='bbox 949 1965 1060 2029; x_wconf 87' lang='lat' dir='ltr'><em>Nerva</em></span> <span class='ocrx_word' id='word_1_166' title='bbox 1087 1963 1155 2030; x_wconf 90' lang='lat' dir='ltr'><em>Dio</em></span> <span class='ocrx_word' id='word_1_167' title='bbox 1183 1964 1249 2030; x_wconf 87' lang='lat' dir='ltr'><em>ind.</em></span> <span class='ocrx_word' id='word_1_168' title='bbox 1280 1965 1300 2030; x_wconf 84' lang='lat' dir='ltr'><em>l.</em></span> <span class='ocrx_word' id='word_1_169' title='bbox 1328 1969 1388 2043; x_wconf 89' lang='lat'><em>49;</em></span> <span class='ocrx_word' id='word_1_170' title='bbox 1416 1965 1460 2028; x_wconf 94' lang='lat' dir='ltr'><em>M.</em></span> <span class='ocrx_word' id='word_1_171' title='bbox 1486 1963 1646 2029; x_wconf 84' lang='lat' dir='ltr'><em>Cocceius</em></span> 
     </span>
     <span class='ocr_line' id='line_1_17' title="bbox 351 2064 1646 2154; baseline -0.004 -19"><span class='ocrx_word' id='word_1_172' title='bbox 351 2071 433 2154; x_wconf 83' lang='lat' dir='ltr'><em>fasti</em></span> <span class='ocrx_word' id='word_1_173' title='bbox 452 2069 527 2133; x_wconf 86' lang='lat' dir='ltr'><em>min.</em></span> <span class='ocrx_word' id='word_1_174' title='bbox 551 2066 643 2132; x_wconf 87' lang='lat' dir='ltr'><em>VIII</em></span> <span class='ocrx_word' id='word_1_175' title='bbox 660 2064 735 2132; x_wconf 87' lang='lat' dir='ltr'><em>CIL</em></span> <span class='ocrx_word' id='word_1_176' title='bbox 755 2067 849 2150; x_wconf 71' lang='lat'><strong>1²10.</strong></span> <span class='ocrx_word' id='word_1_177' title='bbox 873 2071 922 2144; x_wconf 81' lang='lat'><em>65,</em></span> <span class='ocrx_word' id='word_1_178' title='bbox 950 2066 1150 2145; x_wconf 85' lang='lat' dir='ltr'><em>Cassiodor.;</em></span> <span class='ocrx_word' id='word_1_179' title='bbox 1180 2067 1224 2132; x_wconf 90' lang='lat' dir='ltr'><em>M.</em></span> <span class='ocrx_word' id='word_1_180' title='bbox 1247 2067 1365 2134; x_wconf 88' lang='lat' dir='ltr'><em>Coceio</em></span> <span class='ocrx_word' id='word_1_181' title='bbox 1387 2066 1457 2150; x_wconf 86' lang='lat' dir='ltr'><em>(sic)</em></span> <span class='ocrx_word' id='word_1_182' title='bbox 1479 2066 1505 2131; x_wconf 91' lang='lat' dir='ltr'><em>I</em></span> <span class='ocrx_word' id='word_1_183' title='bbox 1522 2070 1581 2130; x_wconf 87' lang='lat'><em>795</em></span> <span class='ocrx_word' id='word_1_184' title='bbox 1608 2066 1646 2130; x_wconf 91' lang='lat' dir='ltr'><em>in</em></span> 
     </span>
     <span class='ocr_line' id='line_1_18' title="bbox 353 2167 1645 2253; baseline -0.007 -14"><span class='ocrx_word' id='word_1_185' title='bbox 353 2179 470 2239; x_wconf 83' lang='lat' dir='ltr'><em>tessera</em></span> <span class='ocrx_word' id='word_1_186' title='bbox 500 2169 715 2253; x_wconf 81' lang='lat' dir='ltr'><em>plodiotorio;</em></span> <span class='ocrx_word' id='word_1_187' title='bbox 746 2168 901 2234; x_wconf 85' lang='lat' dir='ltr'><em>Cocceius</em></span> <span class='ocrx_word' id='word_1_188' title='bbox 933 2169 1044 2233; x_wconf 85' lang='lat' dir='ltr'><em>Nerva</em></span> <span class='ocrx_word' id='word_1_189' title='bbox 1072 2169 1261 2246; x_wconf 89' lang='lat' dir='ltr'><em>Dio49,1,</em></span> <span class='ocrx_word' id='word_1_190' title='bbox 1293 2174 1427 2234; x_wconf 81' lang='lat' dir='ltr'><em>cotenon</em></span> <span class='ocrx_word' id='word_1_191' title='bbox 1454 2167 1571 2232; x_wconf 88' lang='lat' dir='ltr'><em>Nerva.</em></span> <span class='ocrx_word' id='word_1_192' title='bbox 1603 2203 1645 2214; x_wconf 90' lang='lat'>—</span> 
     </span>
     <span class='ocr_line' id='line_1_19' title="bbox 352 2271 680 2343; baseline -0.018 -3"><span class='ocrx_word' id='word_1_193' title='bbox 352 2277 397 2343; x_wconf 89' lang='lat' dir='ltr'><em>M.</em></span> <span class='ocrx_word' id='word_1_194' title='bbox 420 2275 531 2338; x_wconf 86' lang='lat' dir='ltr'><em>Nerva</em></span> <span class='ocrx_word' id='word_1_195' title='bbox 551 2271 680 2336; x_wconf 83' lang='lat' dir='ltr'><em>nummi.</em></span> 
     </span>
    </p>

    <p class='ocr_par' dir='ltr' id='par_1_7' title="bbox 347 2371 1651 3579">
     <span class='ocr_line' id='line_1_20' title="bbox 417 2371 1647 2459; baseline -0.004 -20"><span class='ocrx_word' id='word_1_196' title='bbox 417 2375 605 2459; x_wconf 61' lang='lat' dir='ltr'><em>Quaestor)</em></span> <span class='ocrx_word' id='word_1_197' title='bbox 621 2394 653 2437; x_wconf 88' lang='lat' dir='ltr'><strong>n.</strong></span> <span class='ocrx_word' id='word_1_198' title='bbox 665 2377 698 2456; x_wconf 86' lang='grc'><em>2,</em></span> <span class='ocrx_word' id='word_1_199' title='bbox 715 2394 774 2457; x_wconf 88' lang='lat' dir='ltr'><em>pro</em></span> <span class='ocrx_word' id='word_1_200' title='bbox 790 2371 989 2458; x_wconf 87' lang='lat' dir='ltr'><em>q(uaestore)</em></span> <span class='ocrx_word' id='word_1_201' title='bbox 1005 2395 1089 2438; x_wconf 87' lang='lat' dir='ltr'><em>anno</em></span> <span class='ocrx_word' id='word_1_202' title='bbox 1102 2374 1164 2440; x_wconf 84' lang='lat'><em>713</em></span> <span class='ocrx_word' id='word_1_203' title='bbox 1181 2403 1221 2427; x_wconf 89' lang='lat'>=</span> <span class='ocrx_word' id='word_1_204' title='bbox 1236 2375 1274 2438; x_wconf 75' lang='lat'><em>41</em></span> <span class='ocrx_word' id='word_1_205' title='bbox 1293 2397 1321 2438; x_wconf 91' lang='lat' dir='ltr'><strong>a.</strong></span> <span class='ocrx_word' id='word_1_206' title='bbox 1335 2372 1371 2438; x_wconf 90' lang='lat' dir='ltr'><strong>C.</strong></span> <span class='ocrx_word' id='word_1_207' title='bbox 1389 2393 1420 2437; x_wconf 89' lang='lat' dir='ltr'><strong>n.</strong></span> <span class='ocrx_word' id='word_1_208' title='bbox 1436 2377 1473 2450; x_wconf 85' lang='lat'><em>1;</em></span> <span class='ocrx_word' id='word_1_209' title='bbox 1489 2395 1519 2457; x_wconf 90' lang='lat' dir='ltr'><em>p.</em></span> <span class='ocrx_word' id='word_1_210' title='bbox 1536 2372 1647 2436; x_wconf 81' lang='lat' dir='ltr'><em>littero</em></span> 
     </span>
     <span class='ocr_line' id='line_1_21' title="bbox 347 2473 1646 2564; baseline -0.006 -20"><span class='ocrx_word' id='word_1_211' title='bbox 347 2484 423 2564; x_wconf 82' lang='lat' dir='ltr'><em>post</em></span> <span class='ocrx_word' id='word_1_212' title='bbox 452 2501 483 2564; x_wconf 92' lang='lat' dir='ltr'><em>q.</em></span> <span class='ocrx_word' id='word_1_213' title='bbox 512 2476 589 2560; x_wconf 75' lang='lat' dir='ltr'><em>quid</em></span> <span class='ocrx_word' id='word_1_214' title='bbox 615 2475 773 2558; x_wconf 74' lang='lat' dir='ltr'><em>sipniticot</em></span> <span class='ocrx_word' id='word_1_215' title='bbox 802 2496 865 2540; x_wconf 91' lang='lat' dir='ltr'><em>non</em></span> <span class='ocrx_word' id='word_1_216' title='bbox 895 2481 1035 2554; x_wconf 59' lang='lat' dir='ltr'><em>constan</em></span> <span class='ocrx_word' id='word_1_217' title='bbox 1055 2497 1228 2559; x_wconf 81' lang='lat' dir='ltr'><em>perperam</em></span> <span class='ocrx_word' id='word_1_218' title='bbox 1247 2477 1372 2540; x_wconf 83' lang='lat' dir='ltr'><em>oncnino</em></span> <span class='ocrx_word' id='word_1_219' title='bbox 1395 2474 1471 2558; x_wconf 77' lang='lat' dir='ltr'><em>ieyit</em></span> <span class='ocrx_word' id='word_1_220' title='bbox 1498 2473 1646 2538; x_wconf 84' lang='lat' dir='ltr'><em>Bubelcn</em></span> 
     </span>
     <span class='ocr_line' id='line_1_22' title="bbox 356 2575 1648 2669; baseline -0.005 -24"><span class='ocrx_word' id='word_1_221' title='bbox 356 2577 602 2669; x_wconf 82' lang='lat' dir='ltr'><em>p(r0uiucialis)‚</em></span> <span class='ocrx_word' id='word_1_222' title='bbox 633 2577 707 2663; x_wconf 89' lang='lat' dir='ltr'><em>p(ro</em></span> <span class='ocrx_word' id='word_1_223' title='bbox 731 2578 894 2663; x_wconf 85' lang='lat' dir='ltr'><em>praetore)</em></span> <span class='ocrx_word' id='word_1_224' title='bbox 916 2583 1129 2661; x_wconf 79' lang='lat' dir='ltr'><em>proposuerat</em></span> <span class='ocrx_word' id='word_1_225' title='bbox 1150 2577 1271 2643; x_wconf 78' lang='lat' dir='ltr'><em>Ecichei</em></span> <span class='ocrx_word' id='word_1_226' title='bbox 1293 2578 1318 2643; x_wconf 91' lang='lat' dir='ltr'><em>I</em></span> <span class='ocrx_word' id='word_1_227' title='bbox 1322 2577 1353 2642; x_wconf 86' lang='lat' dir='ltr'><strong><em>V</em></strong></span> <span class='ocrx_word' id='word_1_228' title='bbox 1360 2599 1395 2660; x_wconf 81' lang='lat' dir='ltr'><strong>p.</strong></span> <span class='ocrx_word' id='word_1_229' title='bbox 1418 2580 1492 2643; x_wconf 82' lang='grc'><em>248.</em></span> <span class='ocrx_word' id='word_1_230' title='bbox 1515 2612 1559 2622; x_wconf 91' lang='grc'>-</span> <span class='ocrx_word' id='word_1_231' title='bbox 1579 2575 1648 2640; x_wconf 85' lang='lat' dir='ltr'><em>Hic</em></span> 
     </span>
     <span class='ocr_line' id='line_1_23' title="bbox 354 2678 1650 2766; baseline -0.006 -18"><span class='ocrx_word' id='word_1_232' title='bbox 354 2684 478 2748; x_wconf 84' lang='lat' dir='ltr'><em>videtur</em></span> <span class='ocrx_word' id='word_1_233' title='bbox 506 2681 607 2745; x_wconf 86' lang='lat' dir='ltr'><em>irater</em></span> <span class='ocrx_word' id='word_1_234' title='bbox 636 2681 675 2747; x_wconf 89' lang='lat' dir='ltr'><em>L.</em></span> <span class='ocrx_word' id='word_1_235' title='bbox 697 2679 842 2763; x_wconf 85' lang='lat' dir='ltr'><em>Nervae,</em></span> <span class='ocrx_word' id='word_1_236' title='bbox 874 2701 971 2766; x_wconf 90' lang='lat' dir='ltr'><em>quem</em></span> <span class='ocrx_word' id='word_1_237' title='bbox 1001 2682 1033 2743; x_wconf 92' lang='lat' dir='ltr'><em>in</em></span> <span class='ocrx_word' id='word_1_238' title='bbox 1059 2683 1197 2762; x_wconf 85' lang='lat' dir='ltr'><em>gratiam</em></span> <span class='ocrx_word' id='word_1_239' title='bbox 1229 2681 1321 2744; x_wconf 91' lang='lat' dir='ltr'><em>Lucii</em></span> <span class='ocrx_word' id='word_1_240' title='bbox 1352 2679 1495 2744; x_wconf 87' lang='lat' dir='ltr'><em>servavit</em></span> <span class='ocrx_word' id='word_1_241' title='bbox 1524 2678 1650 2743; x_wconf 86' lang='lat' dir='ltr'><em>Caesar</em></span> 
     </span>
     <span class='ocr_line' id='line_1_24' title="bbox 352 2780 1649 2869; baseline -0.005 -19"><span class='ocrx_word' id='word_1_242' title='bbox 352 2787 496 2869; x_wconf 82' lang='lat' dir='ltr'><em>Appion.</em></span> <span class='ocrx_word' id='word_1_243' title='bbox 513 2782 583 2848; x_wconf 82' lang='lat' dir='ltr'><em>oett.</em></span> <span class='ocrx_word' id='word_1_244' title='bbox 600 2784 656 2847; x_wconf 89' lang='lat' dir='ltr'><em>cio.</em></span> <span class='ocrx_word' id='word_1_245' title='bbox 671 2785 700 2860; x_wconf 90' lang='lat'><em>5,</em></span> <span class='ocrx_word' id='word_1_246' title='bbox 717 2787 757 2846; x_wconf 84' lang='lat'><em>61</em></span> <span class='ocrx_word' id='word_1_247' title='bbox 763 2803 774 2860; x_wconf 89' lang='lat'><em>;</em></span> <span class='ocrx_word' id='word_1_248' title='bbox 796 2781 901 2846; x_wconf 81' lang='lat' dir='ltr'><em>eodone</em></span> <span class='ocrx_word' id='word_1_249' title='bbox 918 2783 1079 2865; x_wconf 78' lang='lat' dir='ltr'><em>pertinent</em></span> <span class='ocrx_word' id='word_1_250' title='bbox 1099 2783 1196 2846; x_wconf 83' lang='lat' dir='ltr'><em>verbo</em></span> <span class='ocrx_word' id='word_1_251' title='bbox 1218 2782 1357 2848; x_wconf 79' lang='lat' dir='ltr'><em>Senecae</em></span> <span class='ocrx_word' id='word_1_252' title='bbox 1379 2781 1416 2845; x_wconf 88' lang='lat' dir='ltr'><em>de</em></span> <span class='ocrx_word' id='word_1_253' title='bbox 1439 2780 1524 2846; x_wconf 77' lang='lat' dir='ltr'><em>eicon.</em></span> <span class='ocrx_word' id='word_1_254' title='bbox 1541 2785 1569 2856; x_wconf 86' lang='lat'><em>1,</em></span> <span class='ocrx_word' id='word_1_255' title='bbox 1591 2785 1649 2844; x_wconf 85' lang='lat'><em>10:</em></span> 
     </span>
     <span class='ocr_line' id='line_1_25' title="bbox 355 2881 1649 2972; baseline -0.007 -19"><span class='ocrx_word' id='word_1_256' title='bbox 355 2887 549 2972; x_wconf 85' lang='lat' dir='ltr'><em>(Augustus)</em></span> <span class='ocrx_word' id='word_1_257' title='bbox 564 2882 767 2950; x_wconf 80' lang='lat' dir='ltr'><em>‘Sallustium</em></span> <span class='ocrx_word' id='word_1_258' title='bbox 782 2893 814 2947; x_wconf 90' lang='lat' dir='ltr'><em>et</em></span> <span class='ocrx_word' id='word_1_259' title='bbox 829 2883 982 2949; x_wconf 85' lang='lat' dir='ltr'><em>Cocceios</em></span> <span class='ocrx_word' id='word_1_260' title='bbox 998 2893 1030 2948; x_wconf 89' lang='lat' dir='ltr'><em>et</em></span> <span class='ocrx_word' id='word_1_261' title='bbox 1044 2881 1168 2948; x_wconf 86' lang='lat' dir='ltr'><em>Dellius</em></span> <span class='ocrx_word' id='word_1_262' title='bbox 1185 2893 1218 2948; x_wconf 89' lang='lat' dir='ltr'><em>et</em></span> <span class='ocrx_word' id='word_1_263' title='bbox 1233 2893 1332 2946; x_wconf 86' lang='lat' dir='ltr'><em>totam</em></span> <span class='ocrx_word' id='word_1_264' title='bbox 1344 2881 1507 2946; x_wconf 88' lang='lat' dir='ltr'><em>cohortem</em></span> <span class='ocrx_word' id='word_1_265' title='bbox 1521 2881 1649 2967; x_wconf 83' lang='lat' dir='ltr'><em>primae</em></span> 
     </span>
     <span class='ocr_line' id='line_1_26' title="bbox 355 2985 1649 3071; baseline -0.005 -16"><span class='ocrx_word' id='word_1_266' title='bbox 355 2988 559 3055; x_wconf 82' lang='lat' dir='ltr'><em>admissionis</em></span> <span class='ocrx_word' id='word_1_267' title='bbox 589 3009 630 3050; x_wconf 83' lang='lat' dir='ltr'><em>ex</em></span> <span class='ocrx_word' id='word_1_268' title='bbox 658 2985 916 3050; x_wconf 87' lang='lat' dir='ltr'><em>adversariorum</em></span> <span class='ocrx_word' id='word_1_269' title='bbox 947 2987 1061 3050; x_wconf 89' lang='lat' dir='ltr'><em>castris</em></span> <span class='ocrx_word' id='word_1_270' title='bbox 1091 2986 1292 3071; x_wconf 83' lang='lat' dir='ltr'><em>conscripsit&#39;</em></span> <span class='ocrx_word' id='word_1_271' title='bbox 1318 2989 1390 3064; x_wconf 79' lang='lat' dir='ltr'><em>etc,</em></span> <span class='ocrx_word' id='word_1_272' title='bbox 1421 2985 1481 3048; x_wconf 85' lang='lat' dir='ltr'><em>obi</em></span> <span class='ocrx_word' id='word_1_273' title='bbox 1507 3005 1546 3048; x_wconf 87' lang='lat' dir='ltr'><em>eoo</em></span> <span class='ocrx_word' id='word_1_274' title='bbox 1574 3005 1649 3048; x_wconf 91' lang='lat' dir='ltr'><em>eon·</em></span> 
     </span>
     <span class='ocr_line' id='line_1_27' title="bbox 355 3087 1648 3173; baseline -0.006 -15"><span class='ocrx_word' id='word_1_275' title='bbox 355 3098 441 3159; x_wconf 79' lang='lat' dir='ltr'><em>tento</em></span> <span class='ocrx_word' id='word_1_276' title='bbox 470 3094 605 3173; x_wconf 81' lang='lat' dir='ltr'><em>apparet</em></span> <span class='ocrx_word' id='word_1_277' title='bbox 635 3089 775 3153; x_wconf 77' lang='lat' dir='ltr'><em>Neruam</em></span> <span class='ocrx_word' id='word_1_278' title='bbox 803 3088 958 3170; x_wconf 75' lang='lat' dir='ltr'><em>quendem</em></span> <span class='ocrx_word' id='word_1_279' title='bbox 991 3093 1102 3152; x_wconf 84' lang='lat' dir='ltr'><em>contro</em></span> <span class='ocrx_word' id='word_1_280' title='bbox 1132 3087 1301 3152; x_wconf 80' lang='lat' dir='ltr'><em>Caesarem</em></span> <span class='ocrx_word' id='word_1_281' title='bbox 1326 3106 1503 3170; x_wconf 77' lang='lat' dir='ltr'><em>pnpnasse,</em></span> <span class='ocrx_word' id='word_1_282' title='bbox 1530 3091 1648 3169; x_wconf 82' lang='lat' dir='ltr'><em>postea</em></span> 
     </span>
     <span class='ocr_line' id='line_1_28' title="bbox 355 3187 1651 3274; baseline -0.005 -16"><span class='ocrx_word' id='word_1_283' title='bbox 355 3197 479 3260; x_wconf 86' lang='lat' dir='ltr'><em>oeniom</em></span> <span class='ocrx_word' id='word_1_284' title='bbox 502 3193 542 3256; x_wconf 88' lang='lat' dir='ltr'><em>ob</em></span> <span class='ocrx_word' id='word_1_285' title='bbox 566 3211 601 3256; x_wconf 91' lang='lat' dir='ltr'><em>eo</em></span> <span class='ocrx_word' id='word_1_286' title='bbox 622 3192 815 3274; x_wconf 83' lang='lat' dir='ltr'><em>impetrasse.</em></span> <span class='ocrx_word' id='word_1_287' title='bbox 860 3189 906 3254; x_wconf 80' lang='lat' dir='ltr'><em>Et</em></span> <span class='ocrx_word' id='word_1_288' title='bbox 925 3190 992 3253; x_wconf 86' lang='lat' dir='ltr'><em>oeri</em></span> <span class='ocrx_word' id='word_1_289' title='bbox 1017 3195 1062 3254; x_wconf 86' lang='lat' dir='ltr'><em>est</em></span> <span class='ocrx_word' id='word_1_290' title='bbox 1083 3189 1184 3254; x_wconf 88' lang='lat' dir='ltr'><em>simite</em></span> <span class='ocrx_word' id='word_1_291' title='bbox 1208 3189 1257 3253; x_wconf 89' lang='lat' dir='ltr'><em>M.</em></span> <span class='ocrx_word' id='word_1_292' title='bbox 1282 3188 1423 3254; x_wconf 80' lang='lat' dir='ltr'><em>Neruom</em></span> <span class='ocrx_word' id='word_1_293' title='bbox 1445 3188 1524 3254; x_wconf 81' lang='lat' dir='ltr'><em>delio</em></span> <span class='ocrx_word' id='word_1_294' title='bbox 1547 3187 1651 3252; x_wconf 79' lang='lat' dir='ltr'><em>Pern-</em></span> 
     </span>
     <span class='ocr_line' id='line_1_29' title="bbox 357 3290 1649 3377; baseline -0.005 -16"><span class='ocrx_word' id='word_1_295' title='bbox 357 3299 427 3362; x_wconf 89' lang='lat' dir='ltr'><em>sino</em></span> <span class='ocrx_word' id='word_1_296' title='bbox 450 3295 640 3377; x_wconf 78' lang='lat' dir='ltr'><em>apartibus</em></span> <span class='ocrx_word' id='word_1_297' title='bbox 660 3295 698 3357; x_wconf 92' lang='lat' dir='ltr'><strong>L.</strong></span> <span class='ocrx_word' id='word_1_298' title='bbox 721 3291 859 3356; x_wconf 81' lang='lat' dir='ltr'><em>Antonii</em></span> <span class='ocrx_word' id='word_1_299' title='bbox 872 3293 1007 3367; x_wconf 80' lang='lat' dir='ltr'><em>stetisse.</em></span> <span class='ocrx_word' id='word_1_300' title='bbox 1042 3290 1164 3356; x_wconf 86' lang='lat' dir='ltr'><em>Consul</em></span> <span class='ocrx_word' id='word_1_301' title='bbox 1187 3313 1216 3357; x_wconf 90' lang='lat' dir='ltr'><strong>a.</strong></span> <span class='ocrx_word' id='word_1_302' title='bbox 1233 3291 1294 3356; x_wconf 78' lang='lat'><em>718</em></span> <span class='ocrx_word' id='word_1_303' title='bbox 1310 3319 1352 3343; x_wconf 96' lang='lat'>=</span> <span class='ocrx_word' id='word_1_304' title='bbox 1366 3292 1408 3356; x_wconf 84' lang='grc'><em>36</em></span> <span class='ocrx_word' id='word_1_305' title='bbox 1429 3311 1458 3355; x_wconf 91' lang='lat' dir='ltr'><strong>o.</strong></span> <span class='ocrx_word' id='word_1_306' title='bbox 1479 3311 1589 3373; x_wconf 83' lang='lat' dir='ltr'><em>supro.</em></span> <span class='ocrx_word' id='word_1_307' title='bbox 1608 3327 1649 3336; x_wconf 89' lang='lat'>-</span> 
     </span>
     <span class='ocr_line' id='line_1_30' title="bbox 359 3393 1650 3480; baseline -0.005 -15"><span class='ocrx_word' id='word_1_308' title='bbox 359 3399 448 3465; x_wconf 87' lang='lat' dir='ltr'><em>Idem</em></span> <span class='ocrx_word' id='word_1_309' title='bbox 462 3397 585 3461; x_wconf 83' lang='lat' dir='ltr'><em>uidetur</em></span> <span class='ocrx_word' id='word_1_310' title='bbox 600 3396 644 3461; x_wconf 91' lang='lat' dir='ltr'><strong>M.</strong></span> <span class='ocrx_word' id='word_1_311' title='bbox 661 3395 815 3461; x_wconf 87' lang='lat' dir='ltr'><em>Cocceius</em></span> <span class='ocrx_word' id='word_1_312' title='bbox 833 3393 1070 3480; x_wconf 86' lang='lat' dir='ltr'><em>quindecimvir</em></span> <span class='ocrx_word' id='word_1_313' title='bbox 1086 3395 1186 3460; x_wconf 89' lang='lat' dir='ltr'><em>saeris</em></span> <span class='ocrx_word' id='word_1_314' title='bbox 1201 3393 1361 3458; x_wconf 85' lang='lat' dir='ltr'><em>faciundis</em></span> <span class='ocrx_word' id='word_1_315' title='bbox 1377 3415 1462 3458; x_wconf 89' lang='lat' dir='ltr'><em>anuo</em></span> <span class='ocrx_word' id='word_1_316' title='bbox 1479 3395 1540 3460; x_wconf 81' lang='lat'><em>737</em></span> <span class='ocrx_word' id='word_1_317' title='bbox 1554 3423 1594 3446; x_wconf 90' lang='lat'>=</span> <span class='ocrx_word' id='word_1_318' title='bbox 1608 3393 1650 3458; x_wconf 87' lang='grc'><em>17</em></span> 
     </span>
     <span class='ocr_line' id='line_1_31' title="bbox 359 3496 1206 3579; baseline -0.007 -14"><span class='ocrx_word' id='word_1_319' title='bbox 359 3525 387 3566; x_wconf 90' lang='lat' dir='ltr'><strong>a.</strong></span> <span class='ocrx_word' id='word_1_320' title='bbox 411 3499 446 3565; x_wconf 89' lang='lat' dir='ltr'><strong>C.</strong></span> <span class='ocrx_word' id='word_1_321' title='bbox 472 3503 545 3563; x_wconf 90' lang='lat' dir='ltr'><em>octo</em></span> <span class='ocrx_word' id='word_1_322' title='bbox 565 3496 757 3574; x_wconf 84' lang='lat' dir='ltr'><em>secentario,</em></span> <span class='ocrx_word' id='word_1_323' title='bbox 774 3501 871 3579; x_wconf 81' lang='lat' dir='ltr'><em>poter</em></span> <span class='ocrx_word' id='word_1_324' title='bbox 893 3497 960 3560; x_wconf 84' lang='lat' dir='ltr'><em>eins</em></span> <span class='ocrx_word' id='word_1_325' title='bbox 981 3497 1037 3577; x_wconf 85' lang='lat' dir='ltr'><em>qni</em></span> <span class='ocrx_word' id='word_1_326' title='bbox 1057 3497 1206 3578; x_wconf 79' lang='lat' dir='ltr'><em>sequitur.</em></span> 
     </span>
    </p>

    <p class='ocr_par' dir='ltr' id='par_1_8' title="bbox 295 3595 1652 3888">
     <span class='ocr_line' id='line_1_32' title="bbox 295 3595 1652 3682; baseline -0.006 -14"><span class='ocrx_word' id='word_1_327' title='bbox 295 3605 358 3669; x_wconf 87' lang='grc'><em>972</em></span> <span class='ocrx_word' id='word_1_328' title='bbox 380 3612 419 3667; x_wconf 88' lang='lat' dir='ltr'><strong>M.</strong></span> <span class='ocrx_word' id='word_1_329' title='bbox 444 3609 621 3665; x_wconf 78' lang='lat' dir='ltr'><em>GOGGEIVS</em></span> <span class='ocrx_word' id='word_1_330' title='bbox 652 3609 797 3682; x_wconf 83' lang='lat' dir='ltr'><em>NERVA,</em></span> <span class='ocrx_word' id='word_1_331' title='bbox 828 3599 941 3662; x_wconf 88' lang='lat' dir='ltr'><em>consul</em></span> <span class='ocrx_word' id='word_1_332' title='bbox 964 3595 1124 3682; x_wconf 66' lang='lat' dir='ltr'><em>(suffectos</em></span> <span class='ocrx_word' id='word_1_333' title='bbox 1147 3603 1220 3662; x_wconf 90' lang='lat' dir='ltr'><em>onte</em></span> <span class='ocrx_word' id='word_1_334' title='bbox 1243 3619 1360 3662; x_wconf 84' lang='lat' dir='ltr'><em>annom</em></span> <span class='ocrx_word' id='word_1_335' title='bbox 1381 3603 1425 3663; x_wconf 79' lang='lat'><em>24</em></span> <span class='ocrx_word' id='word_1_336' title='bbox 1441 3619 1477 3679; x_wconf 78' lang='lat' dir='ltr'><strong>p.</strong></span> <span class='ocrx_word' id='word_1_337' title='bbox 1500 3596 1548 3682; x_wconf 82' lang='lat' dir='ltr'><strong>C.)</strong></span> <span class='ocrx_word' id='word_1_338' title='bbox 1574 3619 1652 3661; x_wconf 90' lang='lat' dir='ltr'><em>cum</em></span> 
     </span>
     <span class='ocr_line' id='line_1_33' title="bbox 361 3700 1652 3784; baseline -0.005 -14"><span class='ocrx_word' id='word_1_339' title='bbox 361 3704 398 3770; x_wconf 91' lang='lat' dir='ltr'><strong>C.</strong></span> <span class='ocrx_word' id='word_1_340' title='bbox 421 3703 520 3768; x_wconf 92' lang='lat' dir='ltr'><em>Vibio</em></span> <span class='ocrx_word' id='word_1_341' title='bbox 543 3701 671 3766; x_wconf 87' lang='lat' dir='ltr'><em>Rufino.</em></span> <span class='ocrx_word' id='word_1_342' title='bbox 696 3738 734 3746; x_wconf 92' lang='lat'>—</span> <span class='ocrx_word' id='word_1_343' title='bbox 760 3701 963 3766; x_wconf 81' lang='lat' dir='ltr'><em>Menecraten</em></span> <span class='ocrx_word' id='word_1_344' title='bbox 983 3702 1018 3766; x_wconf 91' lang='lat' dir='ltr'><em>in</em></span> <span class='ocrx_word' id='word_1_345' title='bbox 1038 3700 1148 3784; x_wconf 64' lang='lat' dir='ltr'><em>teotolo</em></span> <span class='ocrx_word' id='word_1_346' title='bbox 1163 3701 1317 3783; x_wconf 74' lang='lat' dir='ltr'><em>pleonico</em></span> <span class='ocrx_word' id='word_1_347' title='bbox 1335 3701 1464 3765; x_wconf 82' lang='lat' dir='ltr'><em>orbano</em></span> <span class='ocrx_word' id='word_1_348' title='bbox 1478 3700 1652 3775; x_wconf 70' lang='lat' dir='ltr'><em>Loncium,</em></span> 
     </span>
     <span class='ocr_line' id='line_1_34' title="bbox 359 3805 803 3888; baseline -0.007 -18"><span class='ocrx_word' id='word_1_349' title='bbox 359 3805 476 3888; x_wconf 70' lang='lat' dir='ltr'><em>sptiope</em></span> <span class='ocrx_word' id='word_1_350' title='bbox 499 3805 637 3885; x_wconf 75' lang='lat' dir='ltr'><em>aquaria</em></span> <span class='ocrx_word' id='word_1_351' title='bbox 657 3824 689 3868; x_wconf 91' lang='lat' dir='ltr'><strong>n.</strong></span> <span class='ocrx_word' id='word_1_352' title='bbox 703 3808 803 3868; x_wconf 73' lang='lat' dir='ltr'><em>soto.</em></span> 
     </span>
    </p>

    <p class='ocr_par' dir='ltr' id='par_1_9' title="bbox 362 3901 1654 4092">
     <span class='ocr_line' id='line_1_35' title="bbox 427 3901 1654 3980; baseline -0.001 -10"><span class='ocrx_word' id='word_1_353' title='bbox 427 3905 532 3970; x_wconf 86' lang='lat' dir='ltr'><em>Plena</em></span> <span class='ocrx_word' id='word_1_354' title='bbox 556 3907 686 3970; x_wconf 84' lang='lat' dir='ltr'><em>nomino</em></span> <span class='ocrx_word' id='word_1_355' title='bbox 715 3909 823 3969; x_wconf 81' lang='lat' dir='ltr'><em>cotont</em></span> <span class='ocrx_word' id='word_1_356' title='bbox 845 3905 880 3968; x_wconf 91' lang='lat' dir='ltr'><em>in</em></span> <span class='ocrx_word' id='word_1_357' title='bbox 909 3901 1090 3968; x_wconf 78' lang='lat' dir='ltr'><em>consolatos</em></span> <span class='ocrx_word' id='word_1_358' title='bbox 1111 3903 1304 3968; x_wconf 83' lang='lat' dir='ltr'><em>indicatione</em></span> <span class='ocrx_word' id='word_1_359' title='bbox 1327 3903 1378 3968; x_wconf 86' lang='lat' dir='ltr'><em>VI</em></span> <span class='ocrx_word' id='word_1_360' title='bbox 1390 3907 1478 3968; x_wconf 83' lang='lat'><strong>1539.</strong></span> <span class='ocrx_word' id='word_1_361' title='bbox 1502 3909 1593 3980; x_wconf 86' lang='lat'><em>9005,</em></span> <span class='ocrx_word' id='word_1_362' title='bbox 1617 3905 1654 3969; x_wconf 88' lang='lat' dir='ltr'><em>in</em></span> 
     </span>
     <span class='ocr_line' id='line_1_36' title="bbox 362 4004 1518 4092; baseline 0 -20"><span class='ocrx_word' id='word_1_363' title='bbox 362 4007 480 4092; x_wconf 73' lang='lat' dir='ltr'><em>fistnio,</em></span> <span class='ocrx_word' id='word_1_364' title='bbox 505 4007 591 4090; x_wconf 79' lang='lat' dir='ltr'><em>apud</em></span> <span class='ocrx_word' id='word_1_365' title='bbox 611 4007 821 4085; x_wconf 83' lang='lat' dir='ltr'><em>Frontinnon;</em></span> <span class='ocrx_word' id='word_1_366' title='bbox 844 4009 978 4070; x_wconf 83' lang='lat' dir='ltr'><em>ceterum</em></span> <span class='ocrx_word' id='word_1_367' title='bbox 1001 4004 1156 4070; x_wconf 88' lang='lat' dir='ltr'><em>Cocceius</em></span> <span class='ocrx_word' id='word_1_368' title='bbox 1178 4007 1290 4070; x_wconf 85' lang='lat' dir='ltr'><em>Nerva</em></span> <span class='ocrx_word' id='word_1_369' title='bbox 1311 4006 1376 4070; x_wconf 82' lang='lat' dir='ltr'><em>siue</em></span> <span class='ocrx_word' id='word_1_370' title='bbox 1397 4007 1518 4072; x_wconf 87' lang='lat' dir='ltr'><em>Nerva.</em></span> 
     </span>
    </p>

    <p class='ocr_par' dir='ltr' id='par_1_10' title="bbox 364 4107 1663 4804">
     <span class='ocr_line' id='line_1_37' title="bbox 426 4107 1657 4191; baseline 0.001 -18"><span class='ocrx_word' id='word_1_371' title='bbox 426 4109 472 4174; x_wconf 94' lang='lat' dir='ltr'><em>M.</em></span> <span class='ocrx_word' id='word_1_372' title='bbox 495 4109 517 4176; x_wconf 84' lang='lat' dir='ltr'><strong>I.</strong></span> <span class='ocrx_word' id='word_1_373' title='bbox 541 4109 592 4174; x_wconf 88' lang='lat' dir='ltr'><em>VI</em></span> <span class='ocrx_word' id='word_1_374' title='bbox 608 4113 698 4185; x_wconf 81' lang='lat'><em>1539,</em></span> <span class='ocrx_word' id='word_1_375' title='bbox 720 4109 808 4191; x_wconf 73' lang='lat' dir='ltr'><em>titios</em></span> <span class='ocrx_word' id='word_1_376' title='bbox 834 4111 869 4171; x_wconf 88' lang='lat' dir='ltr'><em>ot</em></span> <span class='ocrx_word' id='word_1_377' title='bbox 890 4107 1014 4171; x_wconf 75' lang='lat' dir='ltr'><em>ridetur</em></span> <span class='ocrx_word' id='word_1_378' title='bbox 1036 4107 1086 4172; x_wconf 89' lang='lat' dir='ltr'><em>M.</em></span> <span class='ocrx_word' id='word_1_379' title='bbox 1108 4107 1233 4172; x_wconf 81' lang='lat' dir='ltr'><em>Nerooc</em></span> <span class='ocrx_word' id='word_1_380' title='bbox 1256 4107 1391 4173; x_wconf 76' lang='lat' dir='ltr'><em>consolis</em></span> <span class='ocrx_word' id='word_1_381' title='bbox 1414 4130 1444 4172; x_wconf 88' lang='lat' dir='ltr'><strong>o.</strong></span> <span class='ocrx_word' id='word_1_382' title='bbox 1469 4113 1529 4174; x_wconf 85' lang='grc'><em>718</em></span> <span class='ocrx_word' id='word_1_383' title='bbox 1549 4137 1591 4162; x_wconf 80' lang='lat'><strong><em>=</em></strong></span> <span class='ocrx_word' id='word_1_384' title='bbox 1613 4114 1657 4174; x_wconf 83' lang='lat'><em>36</em></span> 
     </span>
     <span class='ocr_line' id='line_1_38' title="bbox 364 4209 1656 4295; baseline -0.002 -17"><span class='ocrx_word' id='word_1_385' title='bbox 364 4236 394 4280; x_wconf 92' lang='lat' dir='ltr'><strong>o.</strong></span> <span class='ocrx_word' id='word_1_386' title='bbox 419 4209 452 4280; x_wconf 89' lang='lat' dir='ltr'><strong>C.</strong></span> <span class='ocrx_word' id='word_1_387' title='bbox 501 4211 621 4277; x_wconf 86' lang='lat' dir='ltr'><em>Consul</em></span> <span class='ocrx_word' id='word_1_388' title='bbox 652 4209 813 4295; x_wconf 75' lang='lat' dir='ltr'><em>(suffectos</em></span> <span class='ocrx_word' id='word_1_389' title='bbox 842 4231 925 4274; x_wconf 88' lang='lat' dir='ltr'><em>onoc</em></span> <span class='ocrx_word' id='word_1_390' title='bbox 955 4211 1073 4274; x_wconf 89' lang='lat' dir='ltr'><em>incerto</em></span> <span class='ocrx_word' id='word_1_391' title='bbox 1106 4211 1228 4274; x_wconf 73' lang='lat' dir='ltr'><em>Tiberii</em></span> <span class='ocrx_word' id='word_1_392' title='bbox 1256 4215 1329 4274; x_wconf 87' lang='lat' dir='ltr'><em>onte</em></span> <span class='ocrx_word' id='word_1_393' title='bbox 1358 4231 1388 4274; x_wconf 90' lang='lat' dir='ltr'><strong>o.</strong></span> <span class='ocrx_word' id='word_1_394' title='bbox 1411 4214 1467 4294; x_wconf 80' lang='lat'><em>24)</em></span> <span class='ocrx_word' id='word_1_395' title='bbox 1497 4210 1549 4276; x_wconf 89' lang='lat' dir='ltr'><em>VI</em></span> <span class='ocrx_word' id='word_1_396' title='bbox 1563 4215 1656 4289; x_wconf 83' lang='lat'><em>1539,</em></span> 
     </span>
     <span class='ocr_line' id='line_1_39' title="bbox 364 4309 1656 4398; baseline -0.001 -19"><span class='ocrx_word' id='word_1_397' title='bbox 364 4335 474 4379; x_wconf 90' lang='lat' dir='ltr'><em>mense</em></span> <span class='ocrx_word' id='word_1_398' title='bbox 495 4313 643 4397; x_wconf 86' lang='lat' dir='ltr'><em>Augusto</em></span> <span class='ocrx_word' id='word_1_399' title='bbox 668 4313 719 4378; x_wconf 87' lang='lat' dir='ltr'><em>VI</em></span> <span class='ocrx_word' id='word_1_400' title='bbox 734 4315 835 4390; x_wconf 87' lang='lat'><em>9005;</em></span> <span class='ocrx_word' id='word_1_401' title='bbox 857 4309 1034 4376; x_wconf 86' lang='lat' dir='ltr'><em>consularis</em></span> <span class='ocrx_word' id='word_1_402' title='bbox 1061 4313 1126 4376; x_wconf 80' lang='lat' dir='ltr'><em>Tuo</em></span> <span class='ocrx_word' id='word_1_403' title='bbox 1148 4332 1177 4378; x_wconf 92' lang='lat' dir='ltr'><strong>o.</strong></span> <span class='ocrx_word' id='word_1_404' title='bbox 1195 4316 1225 4388; x_wconf 89' lang='lat'><em>4,</em></span> <span class='ocrx_word' id='word_1_405' title='bbox 1245 4316 1295 4379; x_wconf 88' lang='grc'><em>58.</em></span> <span class='ocrx_word' id='word_1_406' title='bbox 1334 4311 1474 4377; x_wconf 83' lang='lat' dir='ltr'><em>Curatur</em></span> <span class='ocrx_word' id='word_1_407' title='bbox 1495 4334 1656 4398; x_wconf 84' lang='lat' dir='ltr'><em>aquarum</em></span> 
     </span>
     <span class='ocr_line' id='line_1_40' title="bbox 365 4413 1659 4499; baseline -0.002 -17"><span class='ocrx_word' id='word_1_408' title='bbox 365 4441 394 4482; x_wconf 90' lang='lat' dir='ltr'><strong>a.</strong></span> <span class='ocrx_word' id='word_1_409' title='bbox 417 4416 545 4481; x_wconf 74' lang='lat'><em>24—33</em></span> <span class='ocrx_word' id='word_1_410' title='bbox 565 4414 714 4481; x_wconf 85' lang='lat' dir='ltr'><em>Frontin.</em></span> <span class='ocrx_word' id='word_1_411' title='bbox 739 4415 776 4479; x_wconf 84' lang='lat' dir='ltr'><em>de</em></span> <span class='ocrx_word' id='word_1_412' title='bbox 798 4419 949 4497; x_wconf 77' lang='lat' dir='ltr'><em>oo.102,·</em></span> <span class='ocrx_word' id='word_1_413' title='bbox 972 4413 1015 4477; x_wconf 90' lang='lat' dir='ltr'><em>od</em></span> <span class='ocrx_word' id='word_1_414' title='bbox 1035 4413 1117 4478; x_wconf 74' lang='lat' dir='ltr'><em>tone</em></span> <span class='ocrx_word' id='word_1_415' title='bbox 1139 4433 1249 4478; x_wconf 86' lang='lat' dir='ltr'><em>eorem</em></span> <span class='ocrx_word' id='word_1_416' title='bbox 1264 4415 1405 4498; x_wconf 82' lang='lat' dir='ltr'><em>pertinet</em></span> <span class='ocrx_word' id='word_1_417' title='bbox 1426 4415 1536 4497; x_wconf 75' lang='lat' dir='ltr'><em>fistulo</em></span> <span class='ocrx_word' id='word_1_418' title='bbox 1556 4437 1659 4499; x_wconf 75' lang='lat' dir='ltr'><em>aspra</em></span> 
     </span>
     <span class='ocr_line' id='line_1_41' title="bbox 364 4513 1660 4600; baseline 0.001 -17"><span class='ocrx_word' id='word_1_419' title='bbox 364 4523 548 4583; x_wconf 70' lang='lat' dir='ltr'><em>moneta</em></span> <span class='ocrx_word' id='word_1_420' title='bbox 592 4516 688 4581; x_wconf 85' lang='lat' dir='ltr'><em>Anno</em></span> <span class='ocrx_word' id='word_1_421' title='bbox 712 4519 753 4581; x_wconf 88' lang='lat'><em>26</em></span> <span class='ocrx_word' id='word_1_422' title='bbox 775 4516 943 4581; x_wconf 80' lang='lat' dir='ltr'><em>Tiberium</em></span> <span class='ocrx_word' id='word_1_423' title='bbox 968 4517 1000 4578; x_wconf 92' lang='lat' dir='ltr'><em>iu</em></span> <span class='ocrx_word' id='word_1_424' title='bbox 1025 4513 1235 4600; x_wconf 83' lang='lat' dir='ltr'><em>Campaniam</em></span> <span class='ocrx_word' id='word_1_425' title='bbox 1261 4515 1464 4581; x_wconf 83' lang='lat' dir='ltr'><em>secedentem</em></span> <span class='ocrx_word' id='word_1_426' title='bbox 1487 4519 1660 4584; x_wconf 83' lang='lat' dir='ltr'><em>comitatus</em></span> 
     </span>
     <span class='ocr_line' id='line_1_42' title="bbox 367 4616 1660 4701; baseline 0.001 -17"><span class='ocrx_word' id='word_1_427' title='bbox 367 4630 417 4684; x_wconf 88' lang='lat' dir='ltr'><em>est</em></span> <span class='ocrx_word' id='word_1_428' title='bbox 432 4621 505 4686; x_wconf 79' lang='lat' dir='ltr'><em>Tac.</em></span> <span class='ocrx_word' id='word_1_429' title='bbox 522 4640 552 4685; x_wconf 89' lang='lat' dir='ltr'><strong>o.</strong></span> <span class='ocrx_word' id='word_1_430' title='bbox 567 4623 596 4695; x_wconf 88' lang='lat'><em>4,</em></span> <span class='ocrx_word' id='word_1_431' title='bbox 611 4621 655 4683; x_wconf 85' lang='grc'><em>58</em></span> <span class='ocrx_word' id='word_1_432' title='bbox 661 4639 672 4697; x_wconf 92' lang='grc'><em>,·</em></span> <span class='ocrx_word' id='word_1_433' title='bbox 687 4617 817 4683; x_wconf 86' lang='lat' dir='ltr'><em>Caesari</em></span> <span class='ocrx_word' id='word_1_434' title='bbox 832 4616 1101 4681; x_wconf 83' lang='lat' dir='ltr'><em>familiarissimus</em></span> <span class='ocrx_word' id='word_1_435' title='bbox 1114 4617 1307 4701; x_wconf 72' lang='lat' dir='ltr'><em>Pomponius</em></span> <span class='ocrx_word' id='word_1_436' title='bbox 1321 4617 1445 4701; x_wconf 77' lang='lat' dir='ltr'><em>Dipcst.</em></span> <span class='ocrx_word' id='word_1_437' title='bbox 1460 4624 1488 4696; x_wconf 89' lang='lat'><em>1,</em></span> <span class='ocrx_word' id='word_1_438' title='bbox 1505 4623 1539 4695; x_wconf 89' lang='grc'><em>2,</em></span> <span class='ocrx_word' id='word_1_439' title='bbox 1555 4624 1588 4696; x_wconf 87' lang='grc'><em>2,</em></span> <span class='ocrx_word' id='word_1_440' title='bbox 1603 4624 1660 4686; x_wconf 81' lang='lat'><strong>48.</strong></span> 
     </span>
     <span class='ocr_line' id='line_1_43' title="bbox 368 4717 1663 4804; baseline 0.001 -17"><span class='ocrx_word' id='word_1_441' title='bbox 368 4721 463 4787; x_wconf 88' lang='lat' dir='ltr'><em>Auno</em></span> <span class='ocrx_word' id='word_1_442' title='bbox 486 4722 527 4786; x_wconf 88' lang='grc'><em>33</em></span> <span class='ocrx_word' id='word_1_443' title='bbox 557 4742 629 4784; x_wconf 92' lang='lat' dir='ltr'><em>cum</em></span> <span class='ocrx_word' id='word_1_444' title='bbox 658 4722 830 4784; x_wconf 89' lang='lat' dir='ltr'><em>continuus</em></span> <span class='ocrx_word' id='word_1_445' title='bbox 850 4717 981 4782; x_wconf 86' lang='lat' dir='ltr'><em>Tiberio</em></span> <span class='ocrx_word' id='word_1_446' title='bbox 1005 4717 1133 4803; x_wconf 86' lang='lat' dir='ltr'><em>fuisset,</em></span> <span class='ocrx_word' id='word_1_447' title='bbox 1165 4721 1290 4803; x_wconf 86' lang='lat' dir='ltr'><em>integro</em></span> <span class='ocrx_word' id='word_1_448' title='bbox 1320 4730 1422 4802; x_wconf 87' lang='lat' dir='ltr'><em>statu,</em></span> <span class='ocrx_word' id='word_1_449' title='bbox 1453 4742 1590 4804; x_wconf 86' lang='lat' dir='ltr'><em>corpore</em></span> <span class='ocrx_word' id='word_1_450' title='bbox 1613 4723 1663 4788; x_wconf 91' lang='lat' dir='ltr'><em>in-</em></span> 
     </span>
    </p>
   </div>
   <div class='ocr_carea' id='block_1_3' title="bbox 368 4821 1664 5007">
    <p class='ocr_par' dir='ltr' id='par_1_11' title="bbox 368 4821 1664 5007">
     <span class='ocr_line' id='line_1_44' title="bbox 368 4821 1664 4909; baseline 0.002 -22"><span class='ocrx_word' id='word_1_451' title='bbox 368 4822 455 4888; x_wconf 88' lang='lat' dir='ltr'><em>laeso</em></span> <span class='ocrx_word' id='word_1_452' title='bbox 478 4821 635 4886; x_wconf 88' lang='lat' dir='ltr'><em>moriendi</em></span> <span class='ocrx_word' id='word_1_453' title='bbox 658 4822 827 4887; x_wconf 85' lang='lat' dir='ltr'><em>consilium</em></span> <span class='ocrx_word' id='word_1_454' title='bbox 850 4821 936 4905; x_wconf 90' lang='lat' dir='ltr'><em>cepit</em></span> <span class='ocrx_word' id='word_1_455' title='bbox 958 4831 997 4904; x_wconf 70' lang='lat' dir='ltr'><em>et,</em></span> <span class='ocrx_word' id='word_1_456' title='bbox 1022 4843 1218 4908; x_wconf 86' lang='lat' dir='ltr'><em>quamquam</em></span> <span class='ocrx_word' id='word_1_457' title='bbox 1235 4822 1389 4888; x_wconf 87' lang='lat' dir='ltr'><em>Tiberius</em></span> <span class='ocrx_word' id='word_1_458' title='bbox 1405 4823 1434 4886; x_wconf 88' lang='lat' dir='ltr'><em>ei</em></span> <span class='ocrx_word' id='word_1_459' title='bbox 1454 4843 1664 4909; x_wconf 85' lang='lat' dir='ltr'><em>summopere</em></span> 
     </span>
     <span class='ocr_line' id='line_1_45' title="bbox 370 4922 1504 5007; baseline 0 -19"><span class='ocrx_word' id='word_1_460' title='bbox 370 4923 604 5007; x_wconf 85' lang='lat' dir='ltr'><em>refragabatur,</em></span> <span class='ocrx_word' id='word_1_461' title='bbox 627 4926 727 4989; x_wconf 87' lang='lat' dir='ltr'><em>vitam</em></span> <span class='ocrx_word' id='word_1_462' title='bbox 749 4923 858 4988; x_wconf 87' lang='lat' dir='ltr'><em>inedia</em></span> <span class='ocrx_word' id='word_1_463' title='bbox 879 4922 985 4986; x_wconf 86' lang='lat' dir='ltr'><em>finivit</em></span> <span class='ocrx_word' id='word_1_464' title='bbox 1009 4922 1083 4990; x_wconf 80' lang='lat' dir='ltr'><em>Tac.</em></span> <span class='ocrx_word' id='word_1_465' title='bbox 1107 4945 1136 4988; x_wconf 87' lang='lat' dir='ltr'><em>a.</em></span> <span class='ocrx_word' id='word_1_466' title='bbox 1160 4928 1189 5001; x_wconf 86' lang='grc'><em>6,</em></span> <span class='ocrx_word' id='word_1_467' title='bbox 1212 4928 1265 5000; x_wconf 85' lang='grc'><em>26,</em></span> <span class='ocrx_word' id='word_1_468' title='bbox 1289 4923 1355 4988; x_wconf 90' lang='lat' dir='ltr'><em>Dio</em></span> <span class='ocrx_word' id='word_1_469' title='bbox 1376 4927 1427 5001; x_wconf 79' lang='lat'><em>58,</em></span> <span class='ocrx_word' id='word_1_470' title='bbox 1449 4929 1504 4990; x_wconf 91' lang='grc'><em>21.</em></span> 
     </span>
    </p>
   </div>
   <div class='ocr_carea' id='block_1_4' title="bbox 0 0 1888 5622">
    <p class='ocr_par' dir='ltr' id='par_1_12' title="bbox 0 0 1888 5622">
     <span class='ocr_line' id='line_1_46' title="bbox 0 0 1888 5622; baseline 0 0"><span class='ocrx_word' id='word_1_471' title='bbox 0 0 1888 5622; x_wconf 95' lang='lat' dir='ltr'><em> </em></span> 
     </span>
    </p>
   </div>
  </div>
 </body>
</html>
