3818 5620
316 281 500 336 ARMINIVS
969 269 1030 334 136
1489 275 1676 332 ARMINIVS

324 380 449 387 ——q

381 477 580 564 totidemque
595 475 653 540 alis
670 486 703 540 et
723 498 781 540 sex
797 474 983 540 cohortibus
999 476 1257 538 circumventum
1274 473 1522 538 trucidaverunt
1544 472 1683 540 Velleius

379 586 413 658 2,
440 585 595 656 117-119,
623 578 689 644 Dio
715 582 915 655 5616-22,
943 577 1066 643 Florus
1084 583 1117 654 2,
1135 581 1177 642 39
1200 578 1241 659 cs.
1266 577 1376 644 Strab.
1401 582 1481 655 7,1,
1504 581 1576 660 ep.
1598 580 1675 655 291,

385 684 459 750 Tac.
487 705 517 748 a.
544 687 580 760 1,
607 687 656 748 55.
682 688 733 748 59.
759 687 819 760 62,·
843 685 883 758 2,
906 685 958 745 68.
1010 677 1180 744 Boiocalus
1210 678 1493 764 Ampsivariorum
1526 682 1677 766 princeps

382 784 559 852 rebellione
583 784 751 851 Cherusca
773 786 864 849 iussu
887 782 1026 847 Arminii
1049 783 1177 847 vinctus
1204 782 1278 850 Tac.
1303 805 1333 850 a.
1355 787 1405 861 13,
1421 787 1471 849 55.
1515 785 1612 847 Anno
1637 784 1677 848 14

382 899 497 954 contra
522 889 753 955 Germanicum
776 897 808 952 et
829 887 870 952 A.
895 886 1068 952 Caecinam
1091 887 1249 971 pugnavit
1276 886 1349 950 Tac.
1374 908 1403 953 a.
1427 892 1455 962 1,
1478 890 1603 964 55-68;
1625 910 1676 950 res

381 994 423 1058 ab
455 1015 492 1056 eo
522 1014 605 1058 anuo
632 993 671 1056 16
701 1000 815 1056 contra
841 991 1005 1055 Romanos
1035 997 1144 1072 gestae
1174 988 1238 1053 ibd.
1268 995 1308 1065 2,
1335 993 1364 1054 9.
1396 994 1444 1065 16,
1472 994 1591 1054 1247.
1621 994 1676 1054 21.

381 1094 478 1161 Α333
504 1095 542 1160 17
566 1117 638 1160 cum
660 1093 834 1158 Cheruscis
865 1102 978 1157 contra
998 1090 1238 1156 Maroboduum
1261 1112 1370 1174 rogem
1394 1091 1678 1156 Marcomanorum

381 1220 473 1263 arma
502 1198 654 1282 sumpsit,
685 1197 817 1261 ecuius
840 1217 941 1279 regno
965 1194 1093 1262 Suebae
1115 1202 1243 1277 gentes,
1275 1195 1452 1260 Semnones
1482 1217 1520 1259 ac
1549 1195 1677 1278 Longo·

381 1300 476 1367 bardi
506 1300 549 1365 ad
578 1323 650 1364 eum
684 1298 848 1382 defecere3
882 1319 1000 1381 magno
1028 1295 1150 1383 proelio
1180 1295 1332 1380 ambiguo
1363 1308 1482 1362 eventu
1513 1299 1678 1383 utrimque

381 1413 541 1468 certaturn
563 1411 613 1467 est
635 1403 698 1470 ibd.
714 1405 746 1479 2,
763 1406 878 1467 sese.
917 1401 1084 1466 Arminius
1107 1399 1356 1465 abscedentibus
1379 1400 1534 1465 Romanis
1558 1398 1636 1480 (scil.
1661 1424 1678 1466 e

379 1505 556 1572 Germania
575 1504 836 1590 Transrhenanu)
860 1514 892 1570 et
913 1502 1005 1590 pulso
1020 1502 1223 1568 Maroboduo
1245 1524 1381 1586 regnum
1403 1505 1559 1568 affectans
1582 1503 1678 1568 liber-

383 1619 481 1674 tatem
505 1607 708 1694 popularium
731 1607 902 1695 adversam
924 1605 1051 1690 habuit,
1075 1608 1262 1692 petitusque
1284 1607 1382 1671 armis
1402 1629 1476 1671 cum
1498 1608 1591 1672 varia
1613 1606 1677 1671 for-

382 1721 462 1777 tuna
484 1719 633 1793 certaret,
657 1709 731 1774 dolo
754 1711 1010 1796 propinquorum
1033 1707 1166 1790 cecidit3
1189 1707 1344 1774 liberator
1366 1707 1453 1773 haud
1476 1707 1577 1774 dubie
1597 1709 1677 1776 Ger-

382 1815 510 1878 maniae
534 1823 566 1879 ct
580 1814 636 1898 qui
655 1835 719 1878 uon
735 1812 913 1900 primordia
928 1810 1037 1898 populi
1054 1813 1200 1894 Romani,
1225 1813 1308 1875 sicut
1322 1811 1377 1875 alii
1394 1833 1487 1895 reges
1502 1811 1676 1898 ducesque,

288 1973 293 1991 ,
382 1916 438 1981 sed
460 1915 720 1982 florentissimum
744 1917 913 2002 imperium
936 1913 1121 1996 lacessierit,
1146 1913 1276 2000 procliis
1299 1912 1481 1998 ambiguus,
1505 1913 1588 1980 bello
1612 1936 1676 1978 non

383 2021 506 2102 victus3
533 2028 654 2105 septem
685 2028 717 2083 et
740 2019 873 2102 triginta
894 2038 996 2082 annos
1018 2018 1121 2099 vitae,
1152 2016 1323 2081 duodecim
1346 2019 1509 2102 potentiae
1532 2017 1678 2105 explevit

383 2125 576 2208 caniturque
599 2121 705 2186 adhuc
728 2121 884 2187 barbaras
908 2120 995 2207 apud
1017 2131 1131 2203 gentes
1157 2121 1231 2186 Tac.
1255 2142 1285 2185 3.
1307 2125 1340 2198 2,
1356 2125 1407 2186 88.

454 2226 582 2292 Occisus
602 2246 674 2308 erqo
697 2224 821 2289 videtur
843 2225 930 2288 circa
945 2245 1064 2288 annum
1078 2229 1128 2299 19,
1151 2225 1209 2288 sub
1225 2245 1284 2305 quo
1300 2246 1384 2289 3333
1404 2225 1533 2290 Tacitus
1547 2231 1679 2292 ritortem

383 2332 551 2411 meruerat,
581 2349 771 2410 quostquam
802 2331 949 2392 accurate
980 2329 1014 2390 in
1037 2325 1127 2390 etlam
1148 2327 1250 2408 ipsium
1274 2348 1392 2391 annum
1414 2329 1526 2393 cadere
1547 2335 1678 2394 mortem

383 2432 453 2496 ideo
468 2453 531 2513 pro
554 2434 637 2495 certo
653 2431 736 2512 poni
756 2431 873 2511 nequit,
901 2429 982 2512 quod
1008 2428 1145 2505 Tacitus,
1176 2434 1342 2512 postquam
1363 2433 1516 2512 reperisse
1536 2453 1568 2496 se
1591 2433 1680 2516 apud

384 2535 554 2615 scriptores
577 2538 750 2615 trnqrerum
776 2533 898 2598 Tiberii
919 2531 1190 2614 Artqarrdestriam
1206 2533 1386 2615 principem
1413 2533 1603 2600 Chattorum
1626 2537 1677 2600 tit-

385 2638 460 2702 teris
483 2636 527 2700 ad
552 2635 712 2700 Tiberium
735 2635 819 2700 datis
842 2656 969 2718 operam
990 2655 1081 2698 suam
1104 2634 1148 2698 ad
1168 2634 1351 2699 Arminium
1372 2658 1486 2702 333333
1510 2639 1679 2704 tollendum

383 2741 509 2822 fnestra
532 2738 678 2803 obtulisse
695 2737 826 2814 rettulit,
847 2737 981 2820 etapium
996 2737 1078 2802 illud
1091 2737 1236 2801 Arrninii
1257 2739 1350 2819 quasi
1372 2741 1574 2822 symmaticem
1596 2743 1678 2808 libro

383 2841 517 2906 secundo
548 2841 713 2906 annalium
744 2839 843 2905 addit.
887 2839 977 2921 Quod
1008 2844 1114 2904 autem
1141 2841 1205 2903 oiri
1234 2840 1318 2905 docti
1337 2842 1468 2924 quidam
1493 2843 1677 2910 ‘duodecim

383 2945 546 3031 potentiae
565 2955 677 3009 annos‘
692 2944 837 3008 Arminii
857 2963 978 3007 3333333
1000 2963 1065 3008 3333
1087 2945 1266 3026 canqmtari
1286 2944 1359 3008 indc
1383 2967 1404 3009 a
1426 2946 1514 3011 clade
1534 2947 1678 3012 Variana

385 3049 549 3125 disserunt,
581 3070 602 3112 a
629 3069 703 3112 vero
732 3045 921 3124 abliorrent,·
949 3067 1026 3110 333
1057 3047 1288 3126 conserentibus
1316 3049 1408 3112 stabis
1436 3071 1516 3130 quae
1549 3051 1678 3116 Tacitus

385 3173 414 3217 a.
431 3156 480 3226 11,
497 3155 537 3214 16
558 3152 657 3230 refert
688 3148 814 3214 ‘eodem
843 3171 928 3213 anno
952 3146 1006 3227 (=
1024 3154 1068 3213 47
1081 3171 1118 3230 p.
1134 3148 1181 3235 0.)
1205 3149 1443 3215 Cheruscorum
1464 3173 1544 3235 gens
1567 3173 1676 3236 regem

385 3255 506 3318 Romae
521 3255 639 3338 petivit
655 3254 781 3317 amissis
797 3275 856 3339 per
870 3253 997 3317 interna
1015 3250 1097 3316 bella
1112 3249 1274 3316 nobilibus
1293 3264 1326 3317 ct
1341 3276 1405 3317 uno
1422 3253 1545 3340 reliquo
1568 3257 1678 3342 stirpis

385 3357 502 3438 regiae,
527 3357 584 3441 qui
611 3355 698 3441 apud
726 3354 838 3420 urbem
862 3353 1051 3435 habebatur,
1076 3355 1205 3418 nominc
1227 3353 1377 3438 Italicus3
1409 3367 1580 3441 paternum
1602 3357 1678 3422 huic

384 3479 487 3542 genus
517 3481 535 3521 c
567 3456 667 3522 Flavo
698 3457 798 3522 fratre
825 3457 977 3522 Arminii’
995 3495 1038 3502 —
1053 3494 1095 3502 —-
1118 3461 1235 3522 certum
1257 3458 1380 3522 uidetur
1407 3460 1550 3524 Tbm'tum
1566 3463 1679 3544 priore

386 3560 451 3625 loco
474 3560 510 3624 dc
526 3561 716 3644 principatu
737 3560 874 3642 quodam
894 3559 1087 3625 hereditaria
1116 3561 1227 3642 stirpis
1254 3563 1361 3644 reqiae
1390 3563 1559 3645 caqr'tasse,
1588 3586 1678 3647 quern

385 3661 553 3726 Arntiuius
569 3667 666 3744 putre
687 3667 811 3726 rnartuo
834 3661 921 3742 apud
947 3660 1124 3726 Cheruscas
1146 3663 1307 3727 obtineret.

449 3764 554 3829 Mater
568 3765 708 3829 Arminii
731 3768 766 3828 ut
783 3765 856 3827 oica
871 3785 900 3831 a.
918 3767 958 3829 16
971 3770 1164 3829 memoratur
1183 3764 1257 3830 Tac.
1274 3786 1304 3832 3.
1320 3771 1352 3841 2,
1371 3773 1429 3846 19;
1451 3768 1552 3832 frater
1563 3791 1680 3853 cogno-

387 3879 494 3933 mento
525 3867 648 3932 Flavus
670 3866 734 3931 ibd.
756 3873 789 3944 2,
805 3873 834 3932 9.
851 3873 909 3945 19;
931 3872 1120 3946 11,16.17;
1148 3869 1375 3951 Inguiomerus
1401 3879 1536 3954 patruus
1559 3873 1623 3938 ibd.
1647 3879 1677 3950 1,

386 3978 444 4050 60;
465 3979 498 4048 2,
514 3975 572 4050 45;
594 3993 679 4034 rixor
693 3969 882 4035 Thusnelda
898 3971 1041 4053 Segestis
1052 3969 1291 4036 Cheruscorum
1306 3973 1461 4058 principis
1478 3973 1544 4039 filia
1560 3975 1679 4040 Straba

387 4079 504 4152 7,1‚4
526 4097 562 4158 p.
580 4078 665 4150 292,
697 4096 794 4159 quam
823 4073 878 4139 alii
909 4084 1037 4160 pactam
1068 4073 1235 4138 Arminius
1264 4085 1417 4161 rapuerat
1443 4077 1516 4141 Tac.
1541 4099 1571 4142 a.
1594 4084 1624 4156 1,
1638 4083 1679 4144 55

384 4179 509 4244 rtorrsine
524 4179 646 4242 omissa.
675 4179 872 4259 Quamquam
892 4177 1021 4241 Tacitus
1036 4199 1065 4244 a.
1079 4184 1111 4254 2,
1123 4183 1165 4243 58
1181 4177 1337 4261 chcstem
1354 4179 1442 4262 apmd
1453 4179 1680 4244 Gerarianicum

387 4283 538 4345 dicentem
559 4281 641 4362 facit
663 4290 753 4362 ‘ergo
777 4291 939 4365 raptorem
961 4279 1046 4344 filiae
1076 4303 1167 4345 meae
1190 4278 1379 4346 violatorem
1408 4280 1548 4346 foederis
1579 4284 1678 4348 vestri

385 4383 568 4447 Arminium
583 4382 670 4468 apud
685 4383 819 4464 Varum,
837 4383 892 4468 qui
909 4393 978 4447 tum
994 4384 1152 4448 exercitui
1169 4382 1384 4469 praesidebat,
1408 4406 1498 4449 reum
1522 4385 1608 4468 feci‘,
1631 4387 1680 4450 ita

385 4490 420 4550 ut
431 4485 599 4550 Arminius
615 4485 831 4550 Thusnetdnm
844 4491 916 4550 autc
928 4485 1049 4550 cladem
1065 4485 1241 4550 Verianum
1253 4488 1398 4568 rapuisse
1409 4487 1562 4563 uideatur,
1575 4493 1680 4552 tauma

386 4609 424 4654 ne
446 4589 540 4652 nirnis
564 4589 705 4652 aratione
728 4611 767 4653 ea
787 4590 938 4665 nitamur,
961 4593 1087 4654 manent
1108 4611 1187 4670 quae
1202 4589 1446 4672 praecedentia
1463 4592 1532 4673 ipsa
1548 4612 1680 4655 enarra-

388 4691 471 4755 tione
498 4690 601 4754 Taciti
616 4711 640 4755 3.
655 4695 712 4756 55.·
737 4692 858 4756 ‘Varus
882 4691 947 4757 fato
971 4702 1002 4755 et
1024 4693 1057 4755 vi
1073 4691 1212 4756 Arminii
1230 4691 1363 4774 cecidit,
1387 4693 1546 4775 Segestes,
1570 4715 1680 4778 quarn-

388 4815 485 4878 quam
515 4815 674 4858 consensu
703 4798 810 4878 gentis
841 4797 873 4859 in
904 4794 1023 4860 bellum
1047 4803 1168 4860 tractus
1191 4796 1321 4880 (scilicet
1347 4796 1430 4878 quod
1457 4797 1522 4877 suit
1544 4795 1615 4860 inde
1638 4797 1678 4861 ab

388 4917 470 4964 3333
493 4893 525 4980 9)
549 4895 673 4962 discors
697 4898 850 4964 manebat
872 4899 975 4964 auctis
998 4899 1151 4986 privatim
1174 4897 1265 4981 odiis,
1287 4897 1375 4986 quod
1389 4898 1556 4966 Arminius
1578 4897 1679 4967 tiliam
