3732 5622
304 337 462 393 CLODIVS
948 329 1010 394 416
1499 335 1662 393 CLODIVS

432 533 537 599 Plena
557 535 689 600 nomina
710 535 855 600 colibant
877 539 898 600 t.
922 541 950 604 1.
973 541 994 599 3
1015 539 1045 600 el
1066 536 1101 600 iu
1122 535 1289 600 cumulata
1312 535 1412 600 altero
1435 539 1455 601 l.
1477 539 1507 611 4,
1540 534 1662 619 Eprius

366 634 541 701 Marcellus
554 641 575 701 t.
586 641 616 704 3.
627 637 717 702 -Iu
731 637 867 702 nummis
879 659 900 700 a
913 637 1031 722 Eprius
1044 635 1227 719 Marcellus,
1241 638 1276 702 iu
1286 637 1416 720 reliquls
1424 635 1607 704 Marcellus,
1621 673 1659 682 —

366 738 467 822 Apud
486 740 656 823 scriptores
678 741 800 825 Eprius
822 739 995 804 Marcellus
1016 741 1081 804 siue
1101 741 1222 826 Eprius
1243 741 1308 805 aloe
1329 738 1515 804 Marcellus.

430 841 563 928 Capuae
592 842 724 908 sordide
753 852 785 908 et
806 842 931 908 abiecte
952 853 1049 908 natus
1075 842 1149 911 Tac.
1173 843 1289 926 dialop.
1312 847 1342 920 3,
1365 841 1410 907 M.
1433 842 1455 908 f.
1479 841 1566 907 tribu
1588 839 1660 907 Eal.

367 949 387 1010 t.
412 951 440 1010 1.
486 946 621 1010 Praetor
643 947 834 1032 peregrinus
858 949 879 1010 t.
903 951 931 1022 1,
959 967 1043 1010 anno
1067 947 1108 1011 48
1132 969 1161 1011 a.
1185 944 1215 1012 d.
1239 945 1309 1011 IIII
1330 942 1498 1028 kullam,
1522 967 1596 1010 eum
1619 944 1659 1009 L.

366 1046 497 1113 Silanus
511 1057 696 1134 praeturam
713 1051 839 1114 eiurare
854 1048 988 1114 adactus
1005 1059 1096 1130 esset,
1121 1051 1155 1113 in
1178 1050 1247 1112 eius
1270 1047 1377 1114 locum
1399 1047 1544 1134 reliquus
1567 1068 1659 1133 prae-

366 1162 457 1215 turae
486 1149 555 1216 dies
585 1151 714 1230 (saliret
735 1151 803 1216 III
819 1151 883 1216 lcol.
906 1149 993 1234 qu.)
1015 1152 1048 1214 in
1075 1150 1267 1218 Marcellum
1289 1149 1424 1216 collatus
1454 1161 1503 1216 est
1529 1150 1603 1215 Tuo.
1627 1169 1659 1212 a.

364 1258 417 1337 12,
439 1254 522 1335 41Ῑὶ
546 1254 674 1320 Sueloa.
698 1251 815 1319 Claud.
834 1257 888 1320 29.
932 1253 1077 1336 Legatus
1099 1255 1223 1339 Lyciae
1245 1254 1299 1338 (cs.
1322 1259 1343 1319 t.
1366 1258 1402 1338 2)
1425 1277 1467 1320 ex
1489 1251 1661 1338 provincia

364 1355 619 1442 repetundarum
651 1355 831 1442 postulatus
861 1366 925 1440 est,
959 1356 1016 1420 sed
1043 1379 1081 1421 eo
1103 1379 1207 1442 usque
1228 1356 1362 1422 ambitio
1392 1354 1592 1442 praevaluit,
1622 1361 1661 1417 ut

365 1457 497 1543 quidam
527 1469 752 1524 accusatorum
782 1460 851 1524 eius
881 1457 979 1524 exilio
1009 1458 1223 1524 multarentur
1249 1459 1323 1526 Tac.
1346 1480 1377 1528 a.
1399 1465 1448 1536 13,
1470 1463 1523 1524 33.
1573 1456 1660 1520 Pro-

365 1559 522 1626 cousulem
545 1560 642 1646 Cypri
663 1563 762 1645 falsae
784 1583 822 1628 ec
843 1567 864 1627 t.
889 1568 908 1627 1
929 1583 994 1628 uou
1015 1567 1096 1628 certe
1117 1562 1286 1644 eollr'pe'tur.
1328 1561 1446 1628 Couml
1467 1561 1493 1626 I
1508 1557 1660 1638 suffectus

365 1665 452 1728 circa
475 1686 594 1730 aunum
615 1671 664 1735 60.
709 1666 805 1730 Iussu
826 1664 965 1730 Neronis
987 1687 1073 1730 anno
1096 1667 1137 1730 66
1161 1687 1225 1729 una
1251 1687 1324 1730 eum
1347 1664 1540 1730 Cossutiano
1563 1661 1661 1747 Capi-

365 1776 440 1829 tone
456 1766 635 1833 Thraseam
655 1768 791 1833 Paetum
813 1769 981 1832 accusavit
1003 1776 1035 1832 et
1057 1767 1224 1832 damnavit
1244 1767 1308 1834 ibd.
1324 1773 1373 1844 16,
1388 1771 1444 1833 22.
1459 1771 1512 1832 26.
1527 1768 1581 1830 28.
1597 1768 1659 1840 29,·

364 1868 405 1932 ob
436 1868 470 1932 id
497 1871 714 1956 quinquagies
742 1872 923 1935 sestertium
955 1873 982 1934 ei
1011 1869 1199 1936 decernitur
1225 1870 1289 1938 ild.
1312 1875 1361 1948 16,
1385 1875 1436 1936 33.
1489 1869 1585 1934 Anno
1615 1866 1658 1932 69

365 1981 504 2036 exeunte
532 1995 607 2037 aere
637 1975 778 2058 iurgium
810 1974 895 2038 inter
926 1995 1001 2038 eum
1032 1983 1064 2038 et
1091 1971 1281 2038 Helvidium
1305 1973 1451 2038 Priscum
1481 1973 1515 2036 in
1542 1977 1658 2034 senatu

364 2073 426 2138 fuit
452 2074 525 2140 Tac.
547 2075 577 2138 l.
601 2081 630 2152 4,
653 2079 737 2154 6-8,·
759 2097 844 2140 anno
865 2075 906 2142 70
927 2074 1050 2140 frustra
1071 2075 1156 2141 idern
1178 2077 1417 2141 accusationem
1436 2075 1469 2138 in
1492 2095 1566 2138 eum
1589 2082 1656 2137 ten-

364 2175 442 2240 dere
464 2176 588 2244 studuit
607 2178 672 2243 r'lul.
695 2185 724 2256 4,
746 2183 789 2244 43
810 2181 852 2262 of.
875 2179 954 2244 dial.
976 2183 1005 2246 5.
1050 2177 1224 2244 Proconsul
1247 2179 1346 2244 Asiae
1372 2177 1433 2243 sub
1454 2174 1657 2259 Vespasiano

363 2302 392 2344 a.
413 2279 539 2346 70-73
562 2285 584 2345 l.
600 2287 628 2346 1.
644 2287 673 2358 3,
696 2284 833 2360 nummo]
856 2283 899 2346 ad
920 2303 1039 2346 manum
1055 2284 1197 2364 primum
1212 2282 1378 2364 pertinent
1397 2279 1519 2344 nummi
1537 2276 1658 2342 Laodi-

364 2403 446 2459 ceae,
477 2381 521 2448 ad
547 2383 682 2448 alterum
704 2383 856 2450 Sardium
885 2390 915 2449 et
945 2389 965 2448 l.
989 2391 1019 2462 3,
1051 2384 1095 2448 ad
1125 2385 1250 2448 tertium
1278 2383 1399 2448 nummi
1425 2381 1542 2463 reliqui
1547 2400 1557 2458 ;
1585 2400 1659 2464 pro-

363 2482 474 2549 consul
496 2486 547 2550 III
570 2490 591 2553 t.
614 2491 642 2550 1.
668 2485 745 2566 (5.9).
784 2486 905 2551 Consul
926 2487 960 2552 Il
983 2487 1164 2570 (suffectus)
1187 2511 1216 2552 a.
1239 2485 1270 2551 d.
1292 2485 1361 2550 XII
1382 2483 1448 2550 kal.
1471 2485 1542 2548 Iun.
1566 2503 1596 2545 a.
1615 2479 1657 2545 74

364 2607 435 2650 eum
460 2587 500 2668 Q.
522 2587 638 2652 Petilio
658 2588 783 2654 Ceriale
801 2589 913 2656 Caesio
930 2589 1015 2654 Rufo
1039 2594 1060 2654 t.
1074 2595 1105 2656 4.
1145 2588 1243 2676 Apud
1258 2589 1495 2674 Vespasianum
1518 2582 1657 2649 multum

363 2687 466 2754 valuit
492 2690 715 2756 Tac.diul.3.
738 2696 787 2756 13.
833 2691 916 2758 Cum
939 2691 1082 2758 Caecina
1103 2691 1219 2757 Alieno
1249 2691 1330 2776 (uide
1358 2711 1459 2774 supra
1485 2710 1518 2754 u.
1543 2685 1594 2766 71)
1621 2686 1655 2750 in

362 2790 599 2878 Vespasianum
621 2795 804 2859 coniuravit
826 2805 858 2858 et
880 2796 1102 2859 coniuratione
1124 2793 1287 2881 patefacta
1308 2817 1328 2858 a
1349 2800 1463 2857 senatu
1482 2790 1655 2856 damnatus

361 2905 475 2978 guttur
503 2894 662 2961 novacula
690 2897 850 2983 praecidit
878 2895 1016 2974 Dum,
1039 2903 1080 2962 16
1105 2897 1268 2980 (Zonaras
1289 2900 1337 2974 11,
1359 2899 1422 2979 17).
1454 2931 1493 2941 -
1525 2891 1653 2976 Augur,

362 2998 452 3063 eurio
473 2999 645 3083 maximus,
670 2998 789 3065 sodalis
810 2997 1000 3084 Augustalis
1024 3005 1045 3064 t.
1069 3005 1098 3064 1.

426 3098 478 3164 Ab
509 3101 641 3166 ineunte
671 3101 892 3167 adulescentia
920 3103 1027 3166 causis
1056 3100 1238 3166 forensibus
1267 3111 1300 3166 et
1327 3101 1467 3165 oratorio
1491 3097 1597 3163 studio
1620 3120 1656 3162 se

361 3199 487 3267 dedidit
505 3204 577 3269 Tae.
594 3204 670 3269 dial.
686 3208 724 3282 8,·
746 3206 813 3268 aeri
833 3204 1017 3290 eloquentia
1030 3204 1104 3286 iba,
1122 3225 1151 3270 u.
1169 3209 1219 3281 16,
1234 3209 1290 3270 22.
1324 3205 1449 3269 Domus
1466 3203 1535 3265 eius
1554 3199 1656 3265 titulis

363 3326 402 3368 ae
424 3308 538 3370 statuis
559 3305 683 3392 repleta
704 3307 747 3372 cll.
764 3306 841 3372 dial.
857 3312 879 3370 8
885 3327 894 3385 ;
918 3306 1012 3371 homo
1035 3305 1206 3393 praedives
1224 3305 1434 3388 16111414,
1454 3310 1538 3369 7.-
1554 3302 1656 3368 Liber

362 3405 535 3490 singularis
551 3407 748 3474 Columellas
763 3409 804 3474 ad
820 3410 957 3496 Eprium
972 3408 1162 3474 Marcellum
1180 3414 1372 3474 memoratur
1390 3409 1424 3472 ia
1442 3407 1536 3472 libris
1557 3426 1656 3470 mame

361 3510 490 3592 scriptas
523 3509 713 3576 Columellas
745 3513 786 3594 of.
816 3511 1003 3588 Schneider,
1034 3512 1211 3594 salptores
1243 3512 1293 3576 rei
1320 3515 1399 3576 nest.
1426 3509 1471 3574 II
1493 3515 1513 3574 1
1539 3531 1576 3594 p.
1603 3514 1654 3584 19,

361 3617 437 3694 21²·
457 3617 526 3680 673.
560 3651 590 3659 -
613 3614 679 3679 Hic
703 3619 740 3680 ut
769 3614 893 3679 uidetur
914 3613 1085 3679 Marcellus
1115 3617 1308 3679 muneratur
1334 3609 1445 3679 Sidou.
1468 3611 1653 3695 Apollinar.

361 3714 451 3796 epist.
466 3719 495 3792 5,
513 3721 541 3792 7,
556 3721 587 3780 3.

297 3831 359 3896 916
382 3843 413 3897 C.
431 3844 588 3899 CLODIVS
612 3845 810 3901 FABRICIVS
833 3845 1010 3900 NVMISIVS
1033 3845 1270 3917 VICTORINVS,
1293 3835 1475 3922 praetorius
1498 3831 1655 3916 (lraslilttr

360 3938 542 4021 palaream)
574 3940 642 4020 vir,
673 3941 724 4002 cui
754 3939 921 4003 Numisius
951 3938 1154 4022 Victorinus,
1179 3940 1230 4002 vir
1259 3937 1529 4023 perfectissimus,
1559 3945 1653 4021 pater

359 4041 468 4123 posuit
492 4045 512 4107 t.
535 4040 742 4123 sepulcralem
764 4041 815 4106 VI
830 4046 921 4105 1381.

297 4157 358 4222 917
382 4159 420 4222 L.
437 4157 570 4224 Clodius
587 4159 718 4244 Fronto,
744 4163 795 4225 eui
812 4161 926 4224 civitas
942 4157 1174 4225 Veliocassium
1199 4161 1307 4245 posuit
1322 4163 1343 4224 t.
1361 4157 1412 4224 VI
1421 4161 1515 4224 1382.
1550 4157 1655 4222 Horuo

359 4261 476 4327 nobilis
496 4261 629 4327 videtur.

297 4379 359 4444 918
383 4389 543 4446 CLODIVS
574 4390 804 4462 cucumula,
835 4379 1006 4466 proconsul
1035 4379 1180 4446 Achaiae
1208 4403 1293 4446 anne
1319 4381 1377 4444 118
1406 4380 1653 4444 memoraturus

361 4487 382 4545 t.
405 4481 544 4548 Plooe‘eo
566 4481 617 4549 CI
617 4483 648 4549 C
669 4487 762 4550 1732.

297 4601 360 4665 919
383 4611 414 4666 G.
439 4611 599 4668 CLODIVS
622 4611 782 4676 LICINVS,
808 4601 920 4667 consul
942 4603 1096 4666 suffectus
1119 4623 1204 4666 anno
1227 4605 1247 4667 4
1270 4624 1301 4688 p.
1319 4601 1356 4666 C.
1372 4623 1446 4666 cum
1462 4599 1523 4666 Cn.
1540 4601 1652 4668 Sentio

361 4703 546 4770 Saturnino.
584 4707 626 4770 Iu
642 4706 824 4771 consulatu:
846 4705 883 4772 C.
900 4704 1033 4770 Clodius
1047 4705 1182 4769 Licinus
1196 4706 1276 4786 fasti
1291 4702 1475 4786 Capitolini,
1499 4702 1552 4768 VI
1559 4708 1652 4772 1263.

359 4811 451 4884 1264,
474 4806 512 4873 C.
536 4804 669 4873 Clodius
693 4807 849 4891 Licin[us]
877 4807 958 4889 fasti
979 4805 1149 4870 Amulium
1172 4806 1247 4873 CIL
1269 4806 1363 4889 1²10.
1381 4810 1430 4884 70,
1455 4804 1492 4871 C.
1517 4804 1654 4872 Clodius

358 4908 439 4990 faeti
459 4911 536 4978 mla.
558 4909 618 4974 XI
622 4910 640 4974 b
658 4931 693 4992 p.
709 4913 760 4975 68.
