3758 5628
220 308 396 366 CEIONIVS
865 301 925 366 331
1398 311 1569 368 CELADVS

216 503 281 570 506
303 505 456 571 Ceionius
479 507 660 590 Postumus,
684 508 817 572 maritus
832 507 985 572 Aureliae
1003 505 1206 590 Messalinae,
1230 518 1322 593 pater
1338 507 1443 574 Clodii
1459 506 1569 576 Albini

280 609 335 694 qui
359 611 531 696 imperavit
551 611 605 674 uit.
626 609 736 676 Clodii
756 609 871 674 Albini
888 615 918 674 4.

214 711 278 776 507
302 712 337 779 C.
362 712 527 796 Cc(ionius
535 713 566 798 1)
590 712 757 796 Si(lvanus
765 712 795 796 1)
818 715 853 780 in
875 717 896 780 1.
920 713 1148 796 dispensatoris
1173 714 1224 780 VI
1240 718 1330 780 9351.

214 815 278 880 508
301 825 339 884 M.
364 826 538 882 GEIONIVS
561 826 759 894 SILVANVS‚
787 815 899 882 consul
922 839 1007 882 anno
1032 818 1092 883 156
1116 839 1190 882 cum
1213 816 1248 884 C.
1274 817 1365 884 Serio
1388 818 1570 902 Augurino.

279 918 322 982 In
343 919 526 984 consulatu:
553 918 599 984 Μ.
623 918 776 985 Ceionius
800 918 954 984 Silvanus
984 919 1035 984 VI
1049 925 1122 986 222
1150 925 1180 985 ct
1208 922 1243 986 in
1272 925 1293 988 t.
1314 941 1427 1004 praece
1452 922 1571 1003 canpto

280 1019 439 1104 Borpbesi
459 1043 529 1105 opp.
555 1022 648 1087 VIII
658 1043 694 1104 p.
709 1026 783 1098 276,
807 1026 943 1087 ceterum
966 1020 1119 1088 Silvanus
1140 1024 1229 1104 sosii.

223 1157 268 1168 —-
300 1123 426 1188 Marcia
447 1122 581 1189 Aurelia
603 1123 737 1190 Ceionio
758 1125 953 1190 Demetrias.

212 1223 278 1289 509
301 1234 456 1290 calonna
490 1237 616 1293 FABIA.
674 1227 791 1292 Tituli:
824 1229 896 1310 ipsu
922 1229 1033 1310 pouit
1061 1225 1175 1292 Aeliae
1204 1227 1256 1313 Ap
1269 1226 1390 1292 ..eliae
1420 1226 1570 1292 alumnae

280 1332 301 1392 1.
316 1329 476 1394 urbemn
494 1330 545 1396 VI
553 1334 663 1408 10613,
679 1331 736 1394 ubi
753 1330 858 1395 editur
876 1347 990 1396 osenla
1006 1348 1104 1412 suess,
1128 1329 1184 1395 sed
1204 1353 1243 1395 eu
1264 1330 1412 1413 exemplis
1432 1331 1570 1411 antiquis

279 1432 504 1497 restituendum
533 1453 597 1499 csse
630 1451 753 1500 onoma
782 1433 863 1498 vidit
890 1431 1019 1499 Dessuu
1048 1431 1102 1514 (cf.
1132 1431 1290 1498 Addendo
1319 1431 1363 1497 ad
1391 1431 1465 1499 CIL
1487 1431 1539 1496 VI
1532 1430 1571 1514 );

278 1539 492 1600 memorantur
514 1535 596 1600 horti
618 1536 773 1602 Ceionius
795 1534 916 1600 Fabiae
940 1537 973 1602 in
993 1537 1172 1618 sroymento
1193 1535 1317 1617 founuo
1337 1536 1427 1601 urbis
1448 1534 1570 1599 Ranae

281 1637 343 1702 tob.
359 1637 440 1703 XII
455 1641 497 1703 58
519 1637 565 1702 cd.
587 1638 712 1704 Jordan
728 1639 769 1721 cf.
786 1637 860 1704 adn.
878 1660 914 1721 p.
931 1642 981 1715 66,
1003 1638 1061 1704 ubi
1082 1637 1211 1702 dubium
1233 1643 1279 1702 cst
1299 1639 1335 1704 in
1356 1637 1460 1703 rodim
1483 1635 1570 1702 Vati-

280 1759 360 1804 cuno
379 1745 488 1804 utrum
506 1743 548 1806 sit
562 1759 702 1808 esromae
717 1763 760 1806 un
776 1758 936 1808 canemus.
952 1777 994 1786 -
1008 1740 1108 1824 Apud
1127 1743 1295 1823 carptores
1316 1761 1436 1824 suuper
1457 1738 1569 1805 Fabia

344 1842 444 1909 Soror
466 1843 649 1926 (naturalis)
666 1845 704 1908 L.
720 1844 799 1909 Veri
815 1843 956 1927 Augusti
977 1846 1031 1908 vit.
1055 1843 1129 1909 Veri
1145 1849 1191 1920 10,
1214 1843 1286 1927 filiu
1308 1864 1381 1926 erpo
1396 1842 1435 1908 L.
1450 1839 1573 1908 Ceionii

281 1937 441 2010 Commodi
460 1947 516 2028 qui
530 1951 644 2028 posteo
666 1947 706 2010 J..
729 1945 841 2011 Actius
860 1945 982 2012 Cacsar
1000 1950 1203 2028 nuncupatus
1223 1950 1281 2024 est,
1313 1967 1404 2010 soror
1423 1944 1571 2010 Ceionius

280 2044 442 2114 Plautiae.
486 2048 577 2114 Hucc
609 2049 689 2114 milri
719 2048 842 2113 videtur
875 2047 943 2113 filia
971 2049 1009 2114 L.
1040 2048 1166 2115 Ceionii
1197 2047 1380 2132 Commodi,
1411 2069 1496 2133 quae
1530 2045 1571 2111 ab

280 2149 448 2215 Hadriano
466 2173 494 2218 a.
509 2153 646 2218 1351136
661 2152 705 2219 M.
719 2151 826 2217 Annio
839 2151 926 2216 Vero
938 2153 991 2235 (=
1002 2151 1194 2217 MAurclio
1204 2151 1361 2236 1111914110)
1378 2148 1573 2236 desponsata

280 2262 328 2316 est
345 2254 398 2321 uit.
415 2254 528 2319 Murci
544 2261 624 2332 4,5‚·
646 2277 730 2341 quae
753 2252 916 2341 sponsalia
936 2264 1010 2340 post
1031 2264 1166 2319 mortem
1189 2253 1349 2318 Hadriani
1369 2255 1474 2320 soluta
1495 2262 1573 2318 sunt

279 2355 343 2419 uu
360 2359 389 2432 6,
405 2362 430 2422 2
451 2358 492 2439 cs.
508 2377 608 2440 supro
623 2357 656 2421 A
670 2361 740 2423 637.
779 2358 955 2443 Postquam
971 2358 1129 2422 Faustina
1151 2380 1235 2422 uxor
1248 2356 1351 2422 Marci
1374 2368 1501 2422 mortua
1523 2367 1572 2422 est

280 2458 378 2539 (anno
399 2463 481 2545 176),
511 2459 615 2525 Fabia
644 2469 681 2524 ut
709 2483 729 2526 a
758 2459 869 2525 Marco
898 2461 931 2523 in
961 2461 1203 2525 matrimonium
1230 2460 1419 2542 duceretur,
1449 2459 1571 2524 frustra

281 2561 377 2624 enixa
394 2571 443 2626 est
457 2562 521 2628 iod.
537 2567 590 2641 29,
606 2569 656 2630 16.
683 2564 791 2629 Verus
806 2562 907 2627 frater
922 2563 951 2626 ei
968 2563 1103 2628 nimium
1119 2562 1263 2646 indulsit,
1287 2565 1379 2626 cuius
1393 2563 1570 2648 potentiam

281 2662 405 2728 Lucilla
422 2665 527 2752 (uuor)
543 2666 628 2730 ferre
643 2689 708 2731 non
723 2675 848 2754 posset,
865 2675 954 2730 tanta
971 2687 1048 2730 sane
1066 2665 1268 2731 familiaritas
1285 2667 1369 2730 inter
1386 2665 1523 2730 Lucium
1539 2674 1572 2730 et

281 2785 350 2829 cam
369 2765 438 2848 fuit,
462 2770 508 2832 uti
532 2769 592 2834 hoc
611 2791 740 2855 quoque
764 2769 970 2856 usurpaverit
992 2790 1110 2850 rumor,
1134 2768 1221 2855 quod
1245 2769 1378 2833 inierint
1400 2767 1570 2835 consilium

280 2868 319 2931 ad
339 2869 487 2934 Marcum
510 2873 619 2936 evita
641 2868 817 2936 tollendum
841 2873 893 2936 eit.
917 2871 992 2937 Veri
1005 2877 1054 2949 10,
1070 2875 1146 2938 3-4.
1188 2872 1313 2938 Eodem
1333 2871 1457 2937 videtur
1479 2894 1570 2938 soror

280 2971 410 3054 (saliret
431 2973 470 3038 Lss
494 2973 589 3056 Vera),
614 2975 666 3038 cui
689 2973 820 3039 Marcus
842 2971 1005 3038 Lucillam
1028 2973 1143 3058 filiam,
1176 2996 1249 3038 cum
1275 2974 1317 3038 ad
1339 2975 1471 3061 nuptias
1491 2974 1569 3039 Veri

280 3077 312 3138 in
334 3074 489 3140 orientem
516 3089 559 3160 (a.
582 3078 654 3160 164)
675 3078 949 3162 proficisceretur,
981 3077 1141 3142 commisit
1166 3079 1218 3142 vit.
1244 3077 1356 3141 Murci
1374 3082 1404 3155 9,
1427 3083 1457 3144 4.
1503 3079 1571 3145 Sub

281 3178 452 3242 Pertinace
473 3199 587 3244 servus
610 3179 752 3264 quidam,
777 3181 870 3264 quasi
886 3180 971 3246 filius
988 3179 1109 3244 Fabiae
1124 3191 1216 3264 esset,
1234 3179 1416 3246 Palatinam
1437 3181 1570 3246 domum

283 3279 419 3346 ridicule
442 3282 622 3348 vindicavit
643 3284 697 3347 ut.
713 3282 798 3350 Part.
816 3288 905 3361 10‚2
926 3284 1013 3368 (loco
1033 3285 1176 3366 praviter
1197 3287 1368 3369 cornrpto).

212 3383 279 3448 510
302 3393 483 3449 GAEIONIA
502 3395 698 3468 FVSCIANA,
721 3384 899 3450 clarissima
921 3386 1040 3451 femina
1063 3385 1114 3452 VI
1123 3389 1231 3452 21787
1250 3407 1278 3451 u.
1294 3407 1394 3470 surpra
1413 3387 1469 3451 sub
1490 3385 1568 3451 Coe

279 3489 364 3554 ionio
384 3489 545 3556 Centenio.

213 3588 277 3654 511
302 3587 437 3655 Ceionia
457 3593 578 3672 Laena
601 3613 686 3657 uxor
707 3591 745 3657 L.
768 3591 893 3658 Aurelii
913 3589 1102 3658 Nicomedis
1125 3592 1177 3658 VI
1192 3595 1283 3658 1598.

214 3691 280 3756 512
303 3700 457 3756 ΟΕΙΟΝΙΑ
473 3704 646 3760 PLAVTIA.
689 3695 789 3761 Tituli
811 3697 841 3762 ei
855 3697 957 3779 positi
974 3701 1048 3761 sunt
1061 3696 1205 3761 urbanus
1217 3694 1300 3760 016
1315 3699 1397 3760 5883
1415 3694 1457 3775 cs.
1469 3692 1571 3757 Addi-

281 3797 355 3858 turn.
372 3818 409 3878 p.
425 3800 512 3861 1262
533 3827 575 3850 επ
597 3797 776 3864 IG11036
798 3798 841 3880 (1)
864 3805 893 3864 et
920 3799 1194 3864 Tuccobnritonua
1216 3797 1308 3864 VIII
1326 3797 1360 3864 S.
1383 3795 1568 3878 11852(21.

345 3899 476 3965 lictoris
498 3899 632 3967 llluon‘u
654 3906 720 3978 1.1,
746 3901 926 3987 [Cloionlia]
950 3901 1079 3968 Plautia
1102 3907 1122 3968 1.
1139 3907 1171 3969 2.
1190 3939 1228 3946 -
1252 3900 1289 3965 L.
1313 3898 1397 3965 Aelii
1422 3898 1570 3963 Caesaris

281 4001 336 4081 (=
353 4001 390 4066 L.
406 4001 531 4068 Ceionii
547 4003 730 4086 Commodi)
752 4003 827 4088 filia,
851 4006 892 4087 Q.
916 4004 1046 4072 Servilii
1069 4003 1223 4070 Pudentis
1247 4013 1320 4088 (coc.
1345 4025 1375 4068 a.
1391 4000 1464 4082 166)
1486 4021 1570 4064 uxor

282 4106 303 4168 1.
323 4108 365 4182 2;
387 4107 506 4192 ἀδελφὴ
529 4107 753 4195 αὐτοκρατόρων
776 4113 796 4175 1.
812 4113 841 4192 1,
864 4107 984 4173 scilicet
997 4129 1088 4173 soror
1101 4106 1262 4172 naturalis
1277 4108 1315 4171 J..
1336 4105 1409 4172 Vcri
1422 4104 1570 4187 dupinii,

281 4225 470 4288 waramum
490 4209 582 4275 nullu
604 4213 876 4294 consunpuinitotc
898 4231 967 4277 nrm
986 4211 1035 4278 Μ.
1055 4210 1188 4276 Aurelio
1210 4210 1314 4291 fratrc
1335 4210 1403 4273 cius
1423 4207 1570 4290 odutioo

282 4310 457 4376 coniuncto.

216 4411 280 4475 513
302 4410 451 4497 Celadus,
477 4422 512 4479 ut
533 4416 763 4499 grammaticus
788 4437 852 4480 una
874 4437 948 4480 eum
968 4415 1142 4499 (Remmio)
1158 4413 1351 4479 Palaemone
1372 4422 1570 4478 memoratur

281 4515 500 4582 Invenient.
517 4522 545 4594 7,
561 4521 634 4584 215.

217 4616 282 4681 514
304 4615 445 4683 Celadus
468 4629 665 4686 memoratur
687 4622 721 4685 in
743 4622 784 4686 iis
806 4619 942 4704 libertis,
967 4641 1049 4707 quos
1065 4620 1233 4704 Augustus
1256 4621 1289 4684 in
1312 4619 1434 4684 honore
1456 4627 1489 4682 et
1510 4641 1572 4684 usu

281 4721 422 4786 maximo
437 4720 687 4789 habuitSuoton.
696 4723 829 4806 Aupust.
839 4728 883 4788 67
886 4744 897 4801 ‚·
911 4722 1049 4788 libertus
1057 4722 1197 4806 Augusti
1207 4722 1328 4806 Ioseph.
1339 4726 1404 4789 unt.
1415 4725 1464 4798 17,
1474 4726 1528 4799 12,
1536 4727 1570 4798 2,

280 4826 464 4890 nunuouu
484 4825 528 4890 id.
545 4826 614 4892 bell.
630 4832 663 4904 2,
681 4831 709 4904 7,
720 4822 759 4892 ’2.
795 4825 988 4890 Armatus
1005 4823 1175 4908 Augustae
1198 4823 1332 4889 libertus
1355 4825 1472 4890 dicitur
1492 4826 1528 4889 in
1549 4828 1571 4891 1.

284 4924 438 4993 Octaviae
468 4928 505 4993 P.
529 4927 550 4994 f.
574 4928 721 4995 Catullae
752 4927 864 4994 Celadi
893 4928 989 4992 divae
1010 4927 1148 5012 August.
1175 4926 1195 4992 l.
1220 4929 1329 4993 uxoris
1352 4925 1403 4992 VI
1417 4929 1523 4994 23338
1543 4929 1572 4991 ct
