3758 5628
190 363 380 426 chevmve
839 359 903 428 379
1360 377 1548 434 cnsvmvs

257 559 303 628 ed.
334 560 561 642 Berolenemsie
592 564 735 648 Simplic.
759 589 796 650 p.
818 571 892 634 325.
923 571 993 634 573.
1022 573 1093 634 798.
1117 574 1186 636 718.
1212 576 1402 656 719.1039,
1434 575 1550 640 loann.

258 662 428 748 Pbeiopon.
449 667 485 731 in
505 667 642 735 Aristot.
666 667 765 752 Phys.
786 693 822 754 p.
845 674 915 753 576,
939 671 1086 741 Etinrat.
1110 675 1143 738 in
1173 672 1280 742 Ethio.
1304 695 1329 742 c.
1354 675 1478 742 Nicom.
1501 683 1549 743 73.

258 765 344 832 Num
366 768 402 832 in
424 771 579 852 eccerpiio
593 768 765 835 Dumnacii
784 773 868 836 uitae
882 773 1006 838 Isidori
1024 779 1089 840 275
1104 775 1248 841 Galenus
1270 777 1328 858 qni
1347 783 1548 861 memoratur,

256 869 393 936 medinm
414 871 640 955 intellependne
661 875 712 950 eit,
734 896 797 940 non
820 877 900 940 sain
922 875 1066 959 dispicio.
1081 914 1123 922 -
1145 876 1197 943 De
1218 879 1324 962 119155
1347 879 1449 962 lopica
1470 901 1550 962 piae

256 972 360 1054 sentior
387 971 506 1039 Caleni
534 975 574 1057 cf.
597 973 724 1056 Pruntl,
757 975 940 1044 Geeclsiolite
963 977 1018 1042 der
1039 979 1142 1062 Lopilc
1163 979 1189 1044 I
1207 980 1407 1062 p.570,11
1425 1003 1462 1064 p.
1484 986 1549 1048 295

397 1193 501 1262 Spretis
527 1201 552 1252 et
577 1197 760 1254 Aelterrnenni
784 1203 808 1254 et
834 1199 1080 1268 bibliopropliomm
1105 1199 1247 1269 (Paniai,
1273 1202 1388 1268 Haimii,
1416 1201 1549 1268 Graessii

330 1280 706 1348 5515551555555551
732 1284 941 1352 imeriptionum
961 1285 1106 1340 editionum
1128 1285 1228 1340 Galeri
1252 1289 1324 1357 typis
1348 1289 1549 1356 impressorum,

328 1383 397 1433 enus
409 1368 519 1421 minime
530 1375 673 1424 menatae
686 1385 743 1424 esse
754 1371 862 1424 collutis
874 1371 951 1424 lubrie
963 1373 1034 1440 ipris
1046 1377 1170 1439 oupertus
1183 1389 1250 1434 erim,
1269 1374 1319 1427 bue
1336 1379 1401 1427 sunt
1418 1373 1548 1428 editioms

328 1453 548 1520 antiquissimae,
574 1454 606 1510 in
627 1455 727 1522 quiem
749 1456 862 1510 momina
888 1455 1001 1510 Claudii
1020 1455 1119 1510 Caleni
1142 1457 1232 1510 adnm
1253 1459 1360 1512 inueni.-
1387 1459 1411 1524 l)
1433 1457 1547 1512 Claudii

328 1533 431 1591 Caleni
450 1537 486 1592 de
504 1536 591 1592 sectis
609 1539 781 1594 medicorum
800 1539 925 1612 Georgio
944 1540 1030 1596 Valla
1049 1542 1212 1612 interprete.
1240 1541 1371 1596 Libellus
1390 1542 1546 1596 Alexandri

329 1621 502 1692 Aphrodisei
527 1624 631 1678 medici
659 1625 766 1681 clariss.
785 1626 820 1680 dc
843 1625 973 1681 febribus
992 1627 1090 1681 eodem
1110 1625 1274 1698 interprete.
1310 1627 1494 1698 Hippocratis
1512 1629 1548 1683 de

327 1712 430 1763 natura
452 1707 576 1764 humens
596 1709 712 1764 Andrea
736 1709 853 1765 Brentio
873 1710 1017 1767 Patauino
1042 1711 1207 1782 interprete.
1243 1711 1363 1767 Parisiis
1382 1712 1412 1766 in
1431 1711 1547 1768 officina

327 1791 443 1848 Henrici
457 1793 595 1866 Stephani
608 1811 634 1851 5.
650 1797 723 1852 1518.
750 1795 884 1866 Georpims
896 1797 1079 1852 5155575115
1096 1801 1253 1853 55551499
1270 1806 1392 1854 mortuns
1411 1805 1457 1866 est,
1475 1805 1548 1868 poet·

327 1897 409 1946 qaum
427 1881 524 1950 mullos
543 1881 625 1936 libros
638 1881 737 1937 851551·
750 1881 834 1936 latine
848 1899 937 1938 rerem
954 1883 986 1937 in
1004 1883 1141 1952 publicem
1156 1885 1238 1938 mieit.
1269 1883 1375 1938 Eumne
1387 1887 1546 1950 mirionum,

327 2050 482 2107 Gnnmnn
504 2053 530 2107 d
549 2053 631 2109 11515.
649 2053 722 2109 Bibi.
745 2071 773 2122 p.
790 2057 826 2110 23
850 2058 874 2107 51
896 2053 1019 2122 Mumpet,
1039 2053 1110 2108 Bibl.
1129 2055 1221 2124 script.
1241 2055 1332 2108 inedie.
1350 2054 1385 2108 ΙΙ
1402 2061 1466 2124 21).
1484 2060 1547 2112 437.

326 2137 448 2206 Apparet
465 2145 553 2194 cirtem
570 2139 710 2195 editicium
722 2139 881 2194 Purisinam
898 2156 931 2194 ue
947 2141 1101 2207 emtioniore
1117 2141 1255 2210 repetitam
1267 2157 1331 2195 esse.
1343 2173 1377 2181 -
1389 2141 1416 2208 2)
1431 2138 1546 2195 Claudii

327 2219 432 2278 Galam
445 2221 614 2295 Pergameni
630 2223 695 2278 libri
714 2225 825 2278 tresde
842 2222 969 2291 crisibus,
988 2224 1107 2280 Nicolno
1124 2224 1285 2280 Leoniceno
1303 2226 1458 2298 interprete
1471 2243 1546 2281 nunc

328 2307 421 2362 denuo
433 2307 526 2362 recusi
538 2313 568 2362 et
579 2307 634 2362 sibi
646 2307 730 2379 plene
742 2309 866 2362 restituti
880 2313 966 2380 atque
976 2309 1012 2362 ad
1025 2309 1118 2380 graeci
1130 2309 1299 2380 exemplaris
1308 2307 1392 2364 fidem
1405 2312 1544 2383 recogniti

328 2409 411 2463 quam
424 2391 596 2448 fidelissime.
623 2393 766 2448 Lutetiae.
788 2392 874 2465 Apud
889 2393 1079 2450 Christianum
1092 2393 1220 2460 Wechel,
1232 2398 1272 2460 (in
1286 2398 1393 2466 papirio
1406 2401 1547 2464 5151551551)

327 2478 443 2534 Pnrisiis
461 2495 536 2534 anno
557 2479 682 2552 virginei
705 2486 804 2552 pertus
831 2483 905 2546 1528,
928 2482 959 2534 in
977 2483 1085 2551 pnpinu
1108 2497 1205 2538 555155
1229 2483 1293 2550 solii
1306 2483 1406 2550 primi:
1426 2479 1547 2537 Ioannes

326 2563 538 2636 Heteropolites
550 2569 593 2632 (=
603 2565 763 2622 Gmintcrimr
773 2567 892 2621 Ioannes
902 2567 1092 2630 Amiternum)
1104 2567 1224 2620 candido
1237 2566 1336 2621 lectori
1349 2566 1489 2632 elalutem)
1500 2573 1545 2622 etc.

326 2651 352 2720 3)
374 2649 489 2706 Claudii
515 2649 618 2707 Guleni
646 2649 815 2722 Pergameni
841 2650 914 2706 liber
936 2651 972 2706 de
1000 2649 1186 2721 plenitudine.
1224 2650 1352 2722 Polybus
1375 2652 1411 2704 de
1438 2652 1545 2706 salubri

326 2737 420 2792 vietus
438 2737 549 2792 ratione
567 2737 750 2808 privatorum.
781 2737 932 2792 Guinterio
944 2735 1049 2791 Ioanne
1062 2736 1231 2790 Auderuaco
1244 2737 1400 2807 interprete
1412 2745 1457 2792 eto.
1471 2739 1546 2808 apud

326 2822 437 2876 55511515
454 2821 542 2876 eodem
559 2840 642 2877 anno.
672 2824 699 2888 4)
716 2820 758 2878 Cl.
777 2822 882 2877 Caleni
900 2821 1010 2893 aliquot
1027 2820 1119 2876 libelli
1137 2838 1188 2892 per
1207 2820 1387 2876 Guinterium
1410 2821 1544 2877 Ioannem

325 2904 527 2963 Andemacum
542 2908 646 2979 partim
659 2907 805 2980 recogniti,
817 2907 921 2978 partim
934 2924 1008 2960 nuuc
1020 2906 1141 2977 primum
1152 2907 1237 2973 versi,
1250 2924 1369 2979 quorum
1382 2908 1545 2979 catalogum

326 2993 464 3048 indicabit
481 2993 587 3064 pagina
609 2992 681 3049 baec
697 3011 789 3050 verse.
827 2991 946 3049 Froben.
970 2992 1102 3048 Besileae
1125 3009 1200 3047 auno
1224 2991 1378 3048 MDXXIX
1402 2995 1461 3062 (qni
1480 2996 1545 3048 liber

326 3081 394 3134 mule
408 3080 560 3150 descriptus
578 3087 616 3135 eet
635 3082 669 3135 ab
682 3081 866 3136 Annonem
882 3098 911 3150 p.
922 3084 993 3148 4851
1019 3081 1045 3142 5)
1064 3077 1106 3135 Cl.
1119 3077 1223 3134 Geleni
1241 3079 1276 3132 de
1295 3078 1403 3134 semine
1421 3079 1443 3134 1.
1455 3076 1544 3132 Guiu-

327 3165 400 3220 terio
424 3165 593 3221 Andemuco
620 3166 788 3238 interprete,
815 3164 937 3222 Parisiis
961 3165 1036 3238 apud
1061 3165 1203 3222 Simonem
1228 3165 1396 3219 Colinneum
1422 3165 1544 3228 51528,

326 3269 401 3319 qiiem
419 3253 519 3308 librum
534 3253 649 3310 nonnisi
666 3271 699 3308 eu
716 3253 894 3321 descriptione
911 3253 1090 3322 Hoffmanni,
1113 3253 1186 3306 Bibl.
1205 3252 1270 3306 Lem.
1288 3251 1326 3304 H
1330 3251 1341 3286 ²
1357 3269 1387 3318 p.
1405 3255 1455 3306 135
1474 3252 1544 3305 noni.

326 3336 459 3394 Nicolaue
472 3345 560 3394 551551
571 3339 740 3394 Leonicenue
753 3356 837 3408 nequis
847 3340 878 3394 in
891 3339 1060 3394 versionibus
1074 3339 1176 3404 latinis,
1196 3354 1265 3405 qima
1282 3340 1341 3404 ipse
1354 3337 1445 3405 edidit,
1462 3352 1546 3404 55555

326 3424 357 3478 in
374 3424 439 3478 aliie
457 3425 568 3494 scriptia
584 3424 707 3492 (Nicolai
724 3423 878 3480 Leonieeni
895 3423 1020 3479 Vicetini
1041 3422 1200 3494 philosophi
1225 3426 1254 3476 et
1274 3422 1374 3476 medici
1397 3421 1544 3476 clarissimi

327 3509 471 3579 opuscula,
483 3510 616 3566 Basileus
630 3511 706 3579 1582)
725 3511 837 3566 Cimidii
855 3511 963 3564 momine
979 3526 1048 3564 usus
1067 3515 1112 3564 eet.
1141 3509 1239 3576 Itaque
1253 3509 1371 3564 Ioannes
1384 3507 1545 3564 Gnirstmins

327 3593 506 3650 Andernecme
529 3595 568 3664 (id
585 3602 624 3651 est
642 3595 761 3652 ‘Winter
778 3614 830 3652 ans
849 3596 1044 3661 Andernacb'),
1069 3595 1117 3662 qni
1137 3600 1264 3662 55551551
1283 3595 1391 3648 illorum
1415 3595 1546 3649 libromm

326 3687 425 3737 uector
445 3689 484 3738 est
507 3699 541 3737 ao
558 3690 656 3751 posteo
673 3683 796 3753 deinceps
814 3683 898 3750 plera
917 3683 974 3737 alia
991 3683 1092 3750 scripta
1111 3680 1231 3736 ‘Claudii
1247 3680 1353 3734 Galerii
1371 3681 1454 3734 lutire
1470 3695 1545 3734 ocrea

325 3767 416 3835 edidit,
435 3769 554 3823 vireium
571 3769 720 3824 leonieeni
735 3769 860 3837 repetitae
872 3769 990 3837 proprio
1008 3767 1100 3822 Marte
1118 3765 1229 3820 Claudii
1241 3765 1339 3820 Galim
1355 3781 1451 3819 nemen
1468 3781 1545 3833 prue-

326 3854 394 3922 fiuit.
429 3854 517 3922 Atque
539 3853 662 3908 dubitari
677 3859 767 3922 polest
789 3871 827 3907 un
850 3855 937 3908 simile
958 3852 1024 3920 qnid
1046 3855 1147 3920 sadum
1171 3853 1207 3906 sit
1230 3853 1258 3904 in
1278 3851 1392 3905 editione
1413 3851 1545 3904 Parisino

323 3941 456 3994 versionie
479 3937 578 3994 Veliae.
603 3970 636 3978 -
658 3941 684 4005 6)
707 3937 822 3995 Claudii
844 3936 948 3992 Galeni
971 3937 1140 4008 Pergameni
1164 3936 1318 3992 secundum
1340 3935 1544 4006 Hippocratem

326 4025 497 4082 medicorum
521 4026 605 4082 iueile
627 4025 765 4097 principie
791 4041 862 4095 opus
884 4024 920 4077 de
943 4041 996 4078 usu
1021 4023 1144 4093 partium
1163 4021 1289 4091 eorporis
1308 4021 1423 4075 humaui
1441 4037 1545 4091 magun

325 4127 394 4166 cura
412 4111 448 4166 ed
469 4113 637 4183 exemplaris
654 4111 751 4183 grneci
764 4109 917 4165 veritatem
936 4109 1114 4180 castigatum,
1133 4107 1267 4162 universo
1279 4106 1425 4162 bominum
1443 4105 1542 4178 generi

325 4197 452 4268 apprime
470 4198 668 4263 necessarium,
686 4195 808 4253 Nicolao
826 4195 919 4266 Regio
931 4193 1052 4250 Calabro
1070 4193 1236 4264 interprete.
1265 4191 1394 4247 Parisiis.
1424 4189 1542 4246 1115111-

324 4280 390 4336 cina
408 4281 531 4338 Simonis
549 4281 688 4338 Coliunei.
725 4283 798 4338 1528.

380 4385 592 4442 Predereaoidi
600 4381 1018 4452 libnemineeriptom:'l'huddei
1028 4380 1187 4436 Florentiui
1197 4379 1368 4435 medicorum
1378 4383 1544 4448 suntempe·

325 4475 400 4526 stuta
418 4470 554 4542 principis
571 4470 601 4525 in
619 4468 651 4526 C.
668 4471 728 4538 (sic)
746 4468 809 4524 Gal.
828 4465 1039 4522 Mierntecbnen
1058 4465 1252 4521 commentarii
1270 4464 1391 4520 secunde
1411 4463 1543 4518 editionis

325 4557 476 4612 emaculati
489 4560 519 4611 et
530 4555 568 4610 ab
581 4554 733 4612 oblivionis
747 4553 851 4608 iniuria
863 4552 1024 4622 nuperrime
1037 4550 1176 4606 vindicati
1189 4551 1283 4606 studio
1293 4549 1402 4604 Thome
1412 4547 1542 4618 Dionysii

324 4639 399 4696 Polii
424 4644 513 4714 Neap.
533 4643 593 4698 edit.
618 4640 740 4711 Neapoli
763 4651 838 4692 5555
864 4635 1017 4702 MDXXII,
1039 4640 1089 4692 nbi
1110 4641 1141 4692 in
1164 4645 1243 4707 perte
1263 4652 1358 4691 auersa
1375 4635 1437 4703 solii
1457 4635 1543 4702 primi

325 4729 435 4799 lepimr:
454 4728 581 4782 Adriano
598 4726 640 4783 VI
657 4741 765 4780 summo
782 4729 859 4795 pont.
872 4721 997 4778 Thomas
1014 4723 1170 4792 Dionysius
1186 4721 1286 4777 Polius
1302 4719 1391 4791 Neap.
1411 4717 1438 4774 S.
1456 4717 1489 4773 P.
1506 4719 1542 4773 D.

324 4813 396 4870 Cum
413 4813 553 4886 superiori
571 4830 644 4868 anno
662 4811 778 4867 beatiss.
795 4809 836 4881 pi.
854 4808 885 4866 C.
904 4807 1008 4864 Geleui
1029 4806 1242 4862 Mierntecbnen
1260 4825 1332 4878 opus
1349 4806 1385 4860 ds
1403 4803 1544 4859 medicine

323 4900 408 4970 plane
416 4899 635 4970 pulcherrimum
644 4897 760 4970 publice
771 4911 937 4966 exponerem
947 4900 1004 4962 etc.;
1014 4893 1102 4948 eodem
1111 4899 1213 4963 spectet
1222 4893 1337 4957 libellne,
1347 4893 1425 4946 miae
1434 4891 1543 4946 titulum

322 4987 433 5042 minino
450 5002 507 5040 mon
525 4995 650 5041 monente
667 4984 771 5038 indicat
786 4983 900 5050 Pemer,
919 4981 1042 5034 Annolee
1060 4980 1249 5050 typoprapliiei
1265 4977 1327 5034 VII
1336 4995 1366 5048 p.
1378 4981 1434 5032 430
1451 4982 1542 5031 nil.-
