3818 5620
230 369 422 426 ANTONIVS
886 361 928 428 93
1393 372 1583 428 ANTONIVS

295 573 325 646 4,
346 573 396 634 44.
434 569 569 633 Praetor
591 590 619 632 a.
643 567 702 633 741
726 597 769 620 =
793 568 833 634 13
855 590 883 632 a
902 566 939 634 O.
963 567 1104 651 Augusti
1133 567 1219 632 diem
1248 567 1389 633 natalem
1418 567 1505 636 ludis
1527 571 1588 634 cir·

296 669 446 736 censibus
475 680 508 735 et
536 671 709 736 venatione
738 668 917 736 celebravit
947 679 978 736 et
1000 691 1043 734 ex
1064 679 1195 735 senatus
1217 669 1364 736 consulto
1385 671 1534 755 Augusto
1558 684 1590 738 et

295 773 499 839 senatoribus
522 772 654 860 epulum
676 772 767 838 dedit
787 771 854 838 Dio
868 775 917 850 54,
932 777 985 849 26,
1011 772 1145 839 Velleius
1168 773 1187 840 l.
1212 772 1233 837 l.
1274 772 1396 838 Consul
1418 797 1447 839 a.
1465 776 1528 841 744
1546 805 1588 830 =

297 878 337 942 10
352 900 381 944 a.
397 876 433 942 C.
457 877 539 960 fasti
560 875 743 958 (consulatu
765 887 898 941 ornatus
921 874 1055 940 Velleius
1070 875 1090 944 l.
1108 876 1153 960 1.).
1192 875 1389 960 Sacerdotio,
1412 880 1588 963 provinciis

297 990 429 1044 ornatus
451 979 604 1058 Velleius,
624 977 798 1066 proconsul
821 977 948 1062 (Asiae)
970 979 1094 1062 Ioseph.
1118 984 1184 1046 ant.
1199 985 1247 1057 16,
1270 984 1299 1058 6,
1324 986 1353 1058 7,
1373 981 1432 1045 ulti
1452 979 1590 1060 affertur

295 1083 434 1165 61661616
455 1081 530 1147 Iulli
548 1080 682 1147 Antonii
703 1081 905 1168 proconsulis
921 1081 963 1146 ad
978 1081 1138 1168 Ephesios
1154 1082 1240 1148 data.
1277 1082 1318 1150 A.
1335 1083 1397 1150 752
1412 1113 1454 1138 =
1469 1087 1489 1150 2
1504 1108 1533 1150 a.
1549 1083 1586 1151 O.

295 1185 471 1252 sceleribus
486 1185 588 1251 Iuliae
603 1184 743 1269 Augusti
765 1183 851 1250 filiae
873 1183 1008 1250 detectis
1026 1183 1128 1250 Iullus
1151 1207 1193 1249 ex
1216 1183 1371 1250 adulteris
1394 1187 1471 1269 eius,
1495 1188 1587 1272 quasi

293 1287 335 1353 ad
358 1289 529 1374 imperium
550 1287 757 1374 adspirasset,
773 1288 896 1352 Romae
918 1297 1023 1353 morte
1044 1287 1385 1374 punitusestDio55,
1402 1293 1449 1366 10,
1467 1288 1588 1354 Setaea

295 1391 332 1456 de
355 1391 505 1455 braritate
525 1391 610 1455 urae
625 1396 654 1467 4,
671 1395 700 1468 6,
728 1390 802 1458 Tua.
819 1411 849 1455 a.
865 1396 894 1467 1,
914 1396 968 1469 10,·
988 1395 1018 1468 4,
1035 1395 1075 1454 44
1095 1390 1178 1476 (ipse
1199 1389 1329 1454 sceleris
1343 1413 1364 1455 a
1377 1412 1411 1454 se
1426 1393 1587 1456 commissi

295 1492 380 1559 ultor
395 1493 512 1558 dicitur
534 1515 555 1557 a
577 1492 693 1558 Velleio
714 1514 790 1558 uera
810 1491 915 1557 velare
929 1492 1093 1576 studente).
1132 1493 1257 1557 Nomen
1273 1492 1364 1558 tastis
1379 1515 1444 1558 non
1459 1516 1587 1559 erasum

294 1607 343 1661 est
360 1597 434 1666 Tae.
451 1617 482 1662 α.
497 1601 527 1674 3,
544 1600 594 1660 18.
611 1633 651 1642 -
668 1593 746 1662 Mum
766 1597 803 1661 in
824 1600 845 1660 t.
864 1600 888 1664 2
910 1595 1036 1660 duatrn
1058 1593 1161 1660 Iullus
1183 1605 1283 1681 pater,
1307 1615 1428 1661 neeesse
1451 1602 1496 1661 cst
1518 1620 1587 1662 cunt

293 1699 395 1782 filium
410 1701 623 1783 cognominem
645 1699 699 1782 (cf.
715 1717 796 1782 quac
818 1697 970 1764 adnotavi
985 1697 1029 1762 ad
1042 1697 1074 1761 A
1087 1699 1143 1779 62)
1165 1698 1324 1776 66061336,
1348 1698 1385 1764 de
1403 1720 1464 1780 quo
1484 1704 1588 1765 tacent

293 1803 480 1885 seruitiorum
502 1801 584 1868 alter
605 1801 693 1886 tilius
716 1801 755 1868 L.
778 1801 941 1866 Antonius
967 1802 1041 1867 Tac.
1058 1821 1088 1869 a.
1104 1806 1133 1877 4,
1149 1805 1191 1866 44
1211 1802 1262 1885 (en
1276 1802 1487 1885 praenomine
1507 1808 1587 1868 natu

293 1903 410 1986 asinar)
432 1906 474 1986 af.
498 1905 597 1988 infra.

356 2007 495 2072 Horoico
517 2017 620 2072 metro
643 2007 821 2094 Διομηδείας
842 2007 910 2072 XII
933 2005 1033 2071 libros
1061 2007 1191 2092 scripsit
1221 2007 1386 2090 egregios,
1418 2017 1587 2092 praeterea

296 2120 328 2174 et
348 2131 446 2196 prosa
467 2108 577 2196 aliqua
598 2109 685 2174 Acro
708 2110 752 2173 ad
773 2110 889 2178 Horat.
914 2131 1011 2176 eorus.
1026 2114 1056 2186 4,
1072 2115 1105 2185 2,
1120 2113 1174 2185 23,
1198 2110 1305 2174 cadem
1328 2112 1395 2191 sere
1415 2111 1587 2174 scholiasta

294 2211 389 2295 Omna?
433 2212 519 2279 Vnde
543 2211 704 2278 lectionem
721 2212 875 2277 traditam
897 2234 924 2280 a.
939 2217 981 2276 33
1004 2213 1167 2277 ‘concines
1189 2214 1310 2276 maiore
1332 2223 1428 2298 poeta
1450 2211 1584 2298 plectro’

294 2320 324 2380 et
344 2339 371 2381 u.
387 2321 428 2381 41
450 2317 613 2381 ‘concines
636 2314 801 2402 laetosque
823 2316 903 2382 dies’
925 2315 1073 2380 tuendam
1095 2320 1126 2380 et
1146 2317 1243 2380 verba
1256 2316 1391 2381 Horatii
1410 2316 1454 2381 ud
1466 2317 1587 2380 Iullum

293 2419 460 2501 referenda
489 2438 554 2486 esse
577 2425 653 2503 post
682 2418 764 2484 alios
793 2418 949 2484 11661616
977 2418 1182 2484 Rleiniseles
1211 2418 1360 2484 Muscam
1388 2419 1551 2484 XXXXI
1554 2419 1585 2484 V

293 2521 397 2605 (1889)
419 2543 456 2604 p.
472 2525 536 2588 318
558 2519 658 2586 dequ
680 2520 894 2586 dunuutrare
921 2520 1052 2585 studuit.
1096 2520 1144 2584 At
1168 2520 1385 2604 praeferenda
1413 2525 1458 2586 ast
1486 2543 1586 2586 erren-

294 2624 382 2689 datia
401 2623 604 2689 Laslmunm'
622 2627 755 2706 utroque
784 2623 850 2688 loeo
876 2625 1046 2688 ‘concinet’
1071 2624 1265 2688 restituentis
1293 2623 1334 2706 cf.
1358 2623 1523 2707 Kiesslrup
1552 2625 1586 2687 in

293 2725 428 2791 editione
450 2747 547 2791 earm.
571 2725 616 2791 ad
637 2725 657 2794 l.
681 2726 701 2789 l.

227 2829 292 2897 638
317 2838 356 2894 Μ.
378 2838 585 2912 ANTONIVS,
614 2828 701 2894 filius
726 2828 771 2894 M.
794 2828 931 2894 Antonii
953 2830 1077 2896 HIviri.
1124 2828 1258 2893 Nummi
1279 2829 1387 2912 capula
1408 2828 1585 2893 eultibentes

296 2933 405 3015 patris
419 2937 449 2998 et
466 2931 530 3016 filii
543 2930 648 2998 Galen
663 2931 689 2996 I
691 2931 705 2968 ⁹
719 2953 755 3014 p.
770 2935 813 2997 58
833 2953 865 2997 n.
882 2937 911 2998 1.
927 2937 959 3009 2,
982 2951 1114 3014 aunum
1129 2933 1226 3014 pm'ar
1240 2951 1333 2996 ursus
1348 2953 1378 2995 a.
1393 2930 1529 2997 7101720
1543 2961 1586 2986 =

251 3059 253 3062 ·
292 3036 383 3100 35134
413 3035 447 3100 in
468 3039 567 3118 parte
597 3034 731 3101 adversa
759 3035 932 3118 incomptus
958 3039 1004 3100 est
1032 3035 1076 3103 M.
1099 3034 1262 3099 Antonius
1284 3032 1329 3097 M.
1351 3031 1392 3115 f.;
1422 3033 1585 3097 Antonius

293 3139 420 3202 iuvenis
444 3137 573 3203 Sueten.
588 3137 673 3220 Aup.
688 3143 738 3215 17,
759 3135 922 3210 Ἄντυλλος
943 3136 1139 3201 Plutarchus
1161 3141 1191 3200 et
1210 3135 1287 3200 Dio.

356 3241 402 3306 M.
425 3238 557 3305 Antonii
582 3251 614 3305 at
635 3239 773 3306 Fuluiae
794 3240 882 3305 filius
903 3242 1006 3305 maior
1028 3240 1157 3306 Sueten.
1176 3239 1261 3322 Arm.
1277 3243 1326 3304 17.
1342 3243 1391 3314 63,
1415 3235 1583 3302 Plutarch.

292 3342 411 3410 Antan.
427 3348 475 3409 71.
493 3346 543 3411 81.
558 3347 609 3410 87.
643 3344 741 3409 Anno
757 3342 820 3407 710
834 3371 875 3396 =
892 3344 934 3408 44
949 3342 979 3407 d.
997 3341 1036 3407 17
1060 3343 1179 3406 mensis
1196 3341 1307 3406 Martii
1332 3350 1425 3427 pater
1447 3361 1584 3426 parvum

293 3444 395 3511 filium
424 3447 457 3510 in
488 3445 684 3531 Capitolium
712 3445 754 3510 ad
783 3446 924 3512 Brutum
953 3456 986 3510 ct
1007 3443 1155 3511 Cassium
1182 3443 1328 3510 obsidem
1357 3445 1445 3508 misit
1474 3442 1585 3507 Cicero

293 3548 436 3632 Philipp.
460 3553 489 3627 1,
505 3554 538 3615 2.
553 3553 611 3627 31,-
631 3553 665 3625 2,
688 3553 743 3626 90,
769 3547 903 3614 Velleius
924 3553 957 3626 2,
976 3552 1027 3626 58,
1047 3553 1085 3625 3,
1112 3546 1189 3612 belli
1218 3547 1412 3613 Mutinensis
1440 3556 1584 3632 tempore

292 3651 411 3716 Romae
426 3673 500 3716 cum
514 3661 618 3716 matre
634 3650 1073 3734 fuitGieeroPlulrpp.12,1,
1091 3659 1203 3736 postea
1217 3661 1340 3736 patrem
1357 3648 1583 3735 inAegyptum

294 3763 422 3818 secutus
438 3763 487 3818 est
503 3753 670 3819 Plutarch.
687 3753 942 3823 aneensem.
983 3753 1023 3817 A.
1040 3752 1102 3818 718
1125 3783 1165 3806 =
1188 3754 1230 3818 36
1253 3752 1290 3820 O.
1314 3753 1436 3818 Caesar
1450 3753 1583 3816 Tarenti

293 3855 409 3920 lulium
439 3855 539 3920 filiam
568 3878 669 3942 puero
700 3856 872 3942 despondit
895 3857 1023 3922 Suetan.
1045 3855 1128 3939 Arra.
1154 3861 1203 3939 63,
1226 3855 1292 3920 Dio
1313 3861 1364 3932 48,
1381 3860 1422 3919 54
1429 3875 1439 3932 ;
1461 3859 1511 3930 51,
1535 3858 1582 3918 15.

293 3958 333 4023 A.
350 3959 413 4025 724
428 3989 470 4013 =
486 3960 527 4026 30
549 3959 711 4024 Antonius
733 3969 807 4045 post
828 3980 972 4045 pugnam
987 3959 1155 4024 Actiacam
1176 3956 1411 4022 Alexandriam
1434 3977 1584 4023 reversus

291 4060 402 4126 Marco
433 4060 500 4125 filio
532 4070 639 4145 togam
672 4059 800 4126 virilem
834 4061 923 4127 dedit
951 4061 1120 4126 Plutarch.
1150 4061 1269 4127 Antan.
1294 4066 1348 4138 71,
1379 4059 1446 4125 Dio
1467 4064 1523 4136 51,
1547 4063 1584 4136 6,·

292 4163 414 4229 Caesar
435 4186 544 4228 rerum
567 4166 688 4250 potitus
711 4187 785 4230 eum
808 4165 980 4230 simulacro
1003 4164 1070 4229 divi
1094 4162 1179 4246 Iulii,
1207 4163 1248 4228 ad
1272 4163 1358 4250 quod
1382 4161 1581 4245 confugerat,

292 4266 462 4354 abreptum
477 4269 641 4333 interemit
653 4269 781 4335 Sueten.
794 4269 877 4352 Aua.
889 4272 938 4344 17,
955 4266 1123 4332 Plutarch.
1132 4268 1250 4332 Autan.
1263 4271 1314 4331 81.
1325 4270 1377 4344 87,
1393 4265 1520 4340 Dt051,
1533 4268 1581 4328 15.

227 4371 290 4436 639
311 4380 345 4436 L.
368 4379 576 4454 ANTONIVS,
605 4371 680 4437 Iulli
704 4372 837 4436 Antonii
868 4379 901 4434 et
926 4368 1100 4435 Marcellae
1129 4368 1231 4444 filius,
1264 4369 1420 4434 Octaviae
1441 4367 1582 4449 Augusti

291 4476 409 4539 sororis
431 4495 540 4560 nepos,
565 4483 638 4560 post
660 4483 795 4540 mortem
818 4473 919 4559 patris
941 4469 985 4551 (a.
1002 4477 1066 4538 752
1080 4502 1122 4527 =
1144 4480 1168 4538 2
1189 4495 1220 4538 a.
1241 4471 1288 4552 O.)
1310 4470 1484 4536 admodum
1506 4469 1583 4534 adu-

291 4576 487 4643 lescentulus
509 4579 669 4664 sepositus
684 4575 725 4641 ab
742 4577 892 4660 Augusto
909 4577 940 4638 iu
957 4576 1122 4640 civitatem
1136 4574 1379 4658 Massiliensem,
1403 4573 1459 4640 ubi
1475 4575 1582 4660 specie

293 4679 473 4746 studiorum
496 4701 613 4746 nomen
636 4677 726 4744 exilii
749 4689 930 4763 tegeretur,
952 4677 998 4744 ibi
1014 4677 1094 4744 obiit
1112 4703 1141 4744 a.
1157 4681 1198 4744 25
1214 4702 1245 4765 p.
1260 4677 1307 4761 0,
1330 4677 1460 4742 habitus
1475 4686 1582 4742 tamen

231 4831 233 4834 -
292 4784 450 4867 supremis
482 4782 585 4849 honor
618 4803 754 4869 ossaque
787 4781 913 4848 tumulo
948 4782 1159 4848 Octaviorum
1192 4781 1292 4846 inlata
1324 4801 1384 4866 per
1416 4779 1583 4844 decretum

291 4894 420 4950 senatus
447 4883 521 4950 Tae.
537 4905 567 4950 a.
583 4890 612 4964 4,
628 4890 678 4950 44.

238 5023 281 5034 -
313 4985 463 5052 Valerius
485 4987 656 5059 Antonius.
