3826 5610
294 1679 584 1754 renuamus
614 1678 947 1756 sornunmauu
978 1679 1160 1755 unsrun
1191 1678 1491 1755 souussrcun

707 1885 1072 1962 Punuuoumvu
1101 1988 1103 1992 .

293 2196 357 2260 Per
390 2191 562 2258 multorum
596 2211 754 2258 annorum
788 2194 1024 2278 multorumque
1057 2178 1198 2261 virorum
1232 2197 1362 2262 labores
1397 2195 1574 2264 Academia

207 2315 416 2384 scientiarum
433 2333 471 2380 eo
488 2312 646 2398 pervenit,
663 2319 698 2379 ut
711 2312 908 2380 Graecorum
920 2315 1202 2400 Romanorumque
1216 2313 1389 2392 hereditas,
1412 2323 1573 2398 quatenus

208 2455 251 2504 ea
274 2455 333 2522 per
354 2451 434 2500 aera
456 2439 489 2500 et
511 2453 674 2500 marmora
699 2433 819 2518 scripta
841 2433 885 2498 ad
907 2455 968 2499 nos
990 2435 1118 2518 perlata
1141 2441 1201 2520 est,
1229 2441 1354 2519 prestet
1380 2436 1519 2503 collecta
1540 2445 1572 2506 et

207 2555 402 2642 regionatim
426 2553 586 2620 ordinata.
632 2553 719 2621 Sane
741 2575 807 2620 non
831 2554 1076 2643 plenejenec'u'ti
1105 2575 1215 2622 sumus
1241 2553 1348 2620 adhuc
1370 2555 1457 2638 quod
1479 2557 1572 2623 nohis

207 2695 480 2765 proposueramus
495 2673 669 2740 infortunio
693 2695 732 2740 eo
756 2673 843 2759 quod
865 2657 1054 2759 magnorum
1076 2675 1278 2759 inceptorum
1294 2695 1403 2742 comes
1418 2683 1468 2742 est
1490 2677 1573 2743 adsi-

207 2798 304 2883 duus3
333 2801 503 2881 praeterea
528 2791 694 2861 hereditas
719 2794 777 2862 illa
803 2794 869 2861 iam
891 2816 957 2861 non
980 2795 1107 2862 casibus
1134 2801 1269 2880 tantum,
1293 2796 1351 2862 sed
1374 2794 1452 2862 data
1474 2817 1574 2882 opera

209 2919 451 3004 exploratorum
475 2913 718 2998 omnigenarum
741 2895 1107 3001 quotidie'locuplctata
1136 2915 1183 2981 ita
1205 2917 1357 2984 continuo
1380 2917 1504 3001 crescit,
1538 2925 1573 2983 ut

207 3057 292 3123 quae
315 3025 586 3102 hodie'ahsoluta
608 3034 813 3121 videbantur,
841 3056 912 3103 cras
938 3035 1144 3102 inveniantur
1170 3055 1286 3102 manea
1312 3043 1344 3102 et
1373 3035 1571 3121 imperfecta.

207 3154 425 3224 Nihilominus
440 3154 474 3220 id
488 3153 553 3220 iam
569 3153 662 3220 nobis
677 3155 824 3222 videmur
839 3154 985 3222 adsecuti
1001 3175 1084 3240 esse,
1107 3161 1143 3220 ut
1158 3163 1232 3240 post
1247 3175 1384 3223 messem
1398 3157 1432 3222 in
1448 3155 1573 3224 horreis

207 3274 372 3344 conditam
394 3294 509 3341 manus
530 3274 696 3342 admoveri
712 3274 838 3361 possint
859 3276 902 3342 ad
917 3295 1095 3344 messorum
1119 3295 1235 3360 operas
1257 3277 1442 3344 secutorias.
1488 3277 1572 3343 Nam

208 3397 326 3480 ingens
341 3395 400 3461 illa
421 3377 702 3461 monumentorum
724 3395 915 3480 scriptorum
938 3395 1067 3480 farrago
1090 3416 1174 3481 quae
1190 3396 1332 3464 continet
1346 3396 1379 3463 in
1401 3417 1438 3464 se
1454 3398 1573 3465 eximia

208 3524 242 3586 et
264 3537 323 3604 per
345 3536 381 3584 se
403 3515 504 3599 digna
525 3534 609 3598 quae
630 3515 856 3600 expendantur
878 3516 994 3584 suflicit
1009 3516 1137 3602 publice
1152 3514 1319 3601 proposita
1338 3515 1451 3584 haberi
1467 3539 1572 3586 emen-

206 3638 287 3705 date
321 3635 491 3704 recensita.
537 3634 603 3702 Sed
626 3635 724 3718 longe
751 3636 878 3718 plurimi
906 3637 960 3722 qui
989 3645 1101 3704 entant
1129 3637 1213 3703 tituli
1243 3656 1314 3702 cum
1343 3645 1513 3706 versentur
1539 3640 1599 3706 in*

208 3759 306 3827 rebus
342 3762 399 3824 aut
429 3754 565 3842 privatis
596 3762 653 3821 aut
686 3755 849 3822 inferioris
877 3757 997 3824 ordinis
1031 3757 1182 3846 puhlicis,
1219 3756 1406 3840 singillatim
1443 3759 1572 3842 quidem

208 3875 385 3946 examinati
409 3875 549 3942 utilitate
572 3883 694 3962 carent,
716 3884 751 3943 at
773 3878 932 3944 coniuncti
956 3879 1041 3946 inter·
1056 3898 1092 3944 sc
1107 3886 1140 3945 et
1155 3875 1325 3961 compositi
1347 3897 1419 3942 cum
1441 3878 1573 3962 reliquis

207 3996 346 4080 vetustis
380 3995 482 4082 copiis
515 3997 616 4063 multa
650 4005 683 4065 et
717 4006 913 4084 aperuerunt
946 4005 979 4065 et
1007 3997 1155 4084 aperient
1188 3997 1319 4063 aliunde
1353 3999 1442 4064 nullo
1475 4001 1571 4067 mode

208 4116 352 4205 petenda
385 4121 418 4182 et
448 4115 492 4182 ad
516 4117 693 4201 priscorum
721 4125 902 4204 temporum
929 4118 1118 4185 memoriam
1150 4117 1435 4202 redintegrandam
1470 4119 1570 4186 utilia.

207 4240 316 4305 Tanta
329 4243 439 4304 tamen
455 4242 505 4302 est
527 4235 717 4321 scriptorum
732 4245 1012 4305 monumentorum
1028 4237 1123 4324 copia
1137 4244 1293 4323 tantaque
1309 4246 1571 4323 argumentorum

206 4357 390 4440 diversitas,
424 4363 459 4422 ut
481 4355 514 4421 in
537 4376 642 4424 messe
666 4358 806 4425 collecta
827 4357 958 4425 subsisti
980 4381 1047 4426 non
1069 4360 1180 4444 possit,
1208 4359 1267 4426 sed
1289 4359 1399 4445 spicae
1423 4366 1572 4445 oporteat

207 4484 365 4561 terantur,
381 4493 484 4560 grana
499 4474 629 4543 diversa
645 4477 880 4564 discernantur,
896 4478 1110 4566 excutiantur,
1128 4479 1316 4546 condantur.
1356 4479 1394 4545 Εἰ
1410 4479 1571 4548 desiderio

207 4617 403 4686 quamquam
425 4595 630 4681 aliquatenus
658 4596 822 4681 provisum
851 4605 900 4666 est
926 4598 1098 4685 indicibus,
1131 4621 1211 4684 quos
1240 4600 1375 4682 singulis
1401 4621 1571 4685 corporum

206 4725 392 4787 nostrorum
426 4715 573 4801 partibus
606 4716 683 4783 addi
717 4717 880 4804 iussimus,
914 4739 956 4785 ne
983 4717 1030 4786 sic
1062 4719 1189 4804 quidem
1220 4742 1258 4788 eo
1290 4727 1483 4807 perventum
1511 4729 1571 4807 est,

208 4861 273 4927 quo
296 4835 459 4924 perveniri
482 4843 515 4903 et
537 4843 646 4924 potest
669 4844 700 4904 ct
724 4837 830 4906 dehet.
875 4839 945 4906 Hoc
967 4838 1171 4906 efficiendum
1195 4848 1254 4926 est,
1278 4847 1313 4907 ut
1335 4847 1571 4925 componantur

206 4959 347 5044 exempli
369 4957 476 5042 gratia
498 4957 758 5042 onomatologica
780 4964 812 5024 et
827 4958 973 5027 Graecae
995 4959 1127 5043 linguae
1142 4967 1175 5026 et
1189 4961 1326 5027 Latinae
1350 4966 1382 5026 et
1404 4960 1572 5026 nationum

206 5078 417 5165 reliquarum;
455 5077 532 5144 item
567 5078 779 5169 insigniorum
812 5077 954 5149 virorum
988 5079 1135 5146 laterculi
1169 5100 1209 5147 ex
1243 5078 1443 5168 plebeiorum
1477 5078 1572 5147 turha

758 5244 963 5330 tllts‘ts‘
