3732 5630
308 309 542 367 CALPVRNIVS
954 302 1017 367 286
1428 309 1659 364 CALPVRNIVS

434 507 493 575 Cn.
516 507 538 572 f.
562 506 622 576 Cn.
646 529 676 572 n.
698 507 780 588 fasti
798 505 991 589 Capitolini,
1022 505 1082 572 Cn.
1107 506 1130 573 f.
1152 505 1220 572 Dio
1241 506 1336 572 iudea
1358 507 1377 570 l.
1400 511 1452 572 53.
1497 506 1553 570 Ad
1578 506 1658 571 hreno

370 611 488 693 referri
502 615 608 693 polest
628 630 773 674 nuntians
796 630 888 674 armes
909 615 945 674 ut
965 609 1089 675 videtur
1110 611 1145 673 in
1161 609 1326 693 Hispania
1342 631 1371 676 a.
1390 614 1450 674 705
1464 639 1506 663 --
1521 613 1561 674 49
1578 631 1607 676 a.
1624 609 1658 675 G.

371 715 405 779 in
433 714 566 778 adoasa
594 714 766 796 inscriptus
795 711 855 778 Cn.
881 714 955 778 Piso
985 735 1044 798 pro
1074 713 1282 799 q(uaestcre),
1306 714 1341 776 in
1363 733 1476 778 aversa
1493 711 1660 796 Magn(us)

369 839 428 903 pro
451 815 640 900 co(n)s(ule)
662 815 809 880 Babelon
824 815 850 882 Ι
860 837 896 898 p.
911 821 982 884 303.
1019 815 1113 880 Anno
1135 816 1198 880 708
1217 845 1260 868 =
1274 817 1316 880 46
1339 814 1428 879 civili
1452 813 1534 880 bello
1556 836 1659 878 resur-

370 929 483 1000 gentes
506 923 539 984 in
562 918 676 985 Africa
695 929 804 1005 partes
825 921 983 984 acerrimo
1006 921 1185 983 ministerio
1207 919 1365 984 adversus
1386 917 1555 984 Caesarem
1580 919 1662 981 iuvit

375 1022 448 1086 Tac.
464 1043 496 1087 a.
510 1027 542 1099 2,
559 1027 609 1098 43,
632 1021 715 1086 Bell.
731 1020 882 1104 African.
905 1024 1007 1087 318.
1043 1021 1121 1086 Mox
1144 1021 1283 1086 Brutum
1307 1031 1341 1084 et
1362 1020 1510 1086 Cassium
1533 1029 1660 1083 secutus

371 1146 524 1191 concesso
555 1123 662 1190 reditu
694 1124 851 1210 petitione
870 1122 1029 1188 honorum
1051 1123 1223 1204 abstinuit,
1250 1124 1354 1188 donee
1376 1122 1461 1188 ultro
1485 1122 1662 1188 ambiretur

369 1225 511 1291 delutum
539 1226 581 1292 ab
604 1227 753 1310 Augusto
785 1224 987 1290 consulatum
1016 1227 1165 1312 accipere
1192 1227 1266 1292 Tac.
1291 1225 1311 1290 7.
1335 1225 1356 1292 7.
1398 1225 1520 1291 Consul
1545 1247 1574 1290 a.
1598 1223 1657 1288 731

368 1358 411 1382 =
442 1330 483 1393 23
512 1352 541 1395 a.
572 1327 610 1394 C.
640 1329 729 1411 fasti.
783 1329 881 1392 Pater
913 1327 972 1395 Cn.
1007 1327 1177 1414 Calpurnii
1211 1330 1339 1394 Pisonis
1371 1327 1511 1392 consulis
1542 1350 1572 1394 a.
1598 1325 1659 1391 747

367 1461 408 1485 =
426 1431 444 1497 7
463 1455 492 1496 a.
509 1430 546 1497 C.
567 1432 640 1497 Tac.
661 1431 681 1495 7.
698 1430 718 1498 l.
742 1436 771 1496 et
790 1431 827 1495 L.
848 1429 1020 1512 Calpurnii
1040 1430 1168 1496 Pisonis
1191 1451 1252 1496 cos.
1276 1453 1306 1496 a.
1324 1435 1383 1496 753
1406 1429 1596 1496 =·-1a.C.

305 1535 369 1598 249
391 1545 424 1599 L.
438 1542 671 1598 CALPVRNIVS
687 1541 768 1598 PISO
785 1541 897 1596 FRVGI
908 1534 962 1615 (7),
975 1532 1087 1597 consul
1103 1557 1132 1598 a.
1146 1533 1313 1599 739=15
1328 1555 1357 1600 a,
1370 1533 1407 1599 C.
1419 1553 1490 1598 cum
1506 1531 1551 1596 Μ.
1566 1531 1660 1596 Livio

370 1637 488 1703 Druso.
499 1673 538 1683 -
552 1635 676 1701 Titulus
691 1637 758 1700 eius
772 1635 895 1702 Vettios
908 1635 968 1700 XI
978 1639 1063 1700 1182
1073 1635 1129 1719 (1),
1144 1641 1338 1700 memoratur
1354 1636 1387 1699 in
1402 1635 1483 1700 actis
1492 1633 1659 1697 Arvalium

370 1761 400 1807 a.
416 1745 455 1805 14
478 1739 530 1806 Vl
545 1744 633 1806 eoas
656 1739 713 1822 (2),
737 1761 768 1806 a.
784 1744 829 1804 20
851 1738 984 1822 apum
1001 1761 1048 1822 ep.
1063 1743 1085 1802 e
1100 1761 1136 1821 p.
1151 1743 1215 1804 318
1236 1739 1289 1821 (3).
1314 1759 1343 1803 a.
1366 1743 1413 1804 27
1433 1735 1660 1820 macaron

369 1841 451 1906 idem
472 1839 695 1925 intellepntdns
717 1841 841 1906 uidetur
863 1842 896 1906 in
920 1846 940 1908 t.
966 1840 1017 1906 VI
1025 1844 1132 1908 26743
1146 1840 1191 1925 (5)
1214 1839 1316 1905 Iuliae
1338 1842 1376 1906 L.
1398 1841 1526 1905 Pisonis
1548 1837 1658 1925 pontif.

432 1944 476 2011 In
498 1943 678 2010 consulatu:
700 1944 735 2009 A.
752 1941 958 2029 Καλπούρνιος
980 1945 1015 2008 A.
1038 1948 1076 2010 oi.
1102 1943 1201 2009 llloom
1220 1944 1364 2030 Φούρτιος
1386 1941 1456 2026 (sic)
1478 1941 1545 2007 Dio
1566 1939 1660 2005 indeo

370 2046 390 2111 7.
405 2050 455 2123 54,
477 2045 681 2131 Καλπούρνιος
698 2045 799 2111 Πίσων
816 2043 882 2110 Dio
896 2051 946 2122 54,
963 2049 1016 2123 21,
1036 2046 1065 2110 L
1067 2093 1292 2112 ...........
1315 2047 1397 2128 fasti
1410 2045 1486 2110 min.
1502 2044 1573 2111 VH
1583 2043 1659 2109 CIL

369 2151 456 2232 1²1).
468 2153 518 2226 64,
541 2149 579 2213 L.
598 2149 671 2213 Piso
692 2147 884 2226 Cassiodor,
901 2153 1037 2213 ceteram
1053 2151 1127 2214 Piso
1143 2150 1232 2231 fasti.
1250 2185 1288 2194 —
1305 2148 1343 2214 L.
1360 2147 1557 2234 Calpurnius
1573 2147 1658 2232 [Piso

369 2249 528 2339 p]ontifex
549 2255 570 2315 t.
594 2256 618 2316 2
638 2271 666 2318 o.
692 2255 720 2328 7,
742 2251 781 2314 L.
805 2251 880 2315 Piso
904 2250 1052 2336 pontifex
1073 2251 1138 2316 iod.
1161 2272 1190 2316 a.
1212 2254 1274 2330 23,·
1303 2251 1341 2315 L.
1365 2249 1561 2336 Calpurnius
1584 2248 1657 2312 Piso

370 2352 539 2441 [pontifex]
563 2358 583 2420 t.
599 2359 628 2430 3,
651 2353 710 2417 ubi
729 2353 976 2437 supplementum
992 2352 1092 2436 plano
1114 2358 1232 2420 catum
1254 2359 1308 2431 est,
1430 2353 1577 2440 pontifex
1598 2356 1619 2415 7.
1638 2355 1659 2415 4

367 2477 394 2521 o.
417 2461 450 2522 2.
472 2459 524 2532 32,
546 2454 630 2520 unde
652 2459 786 2537 apparet
814 2455 849 2519 in
871 2457 952 2520 actis
973 2455 1144 2521 Arvalium
1165 2457 1344 2521 nominibus
1365 2456 1460 2521 huius
1481 2458 1659 2520 cnstanter

370 2558 513 2624 additum
535 2577 600 2622 esse
615 2557 781 2640 pontificis
800 2556 996 2623 uocabulum.
1030 2559 1067 2622 L.
1084 2560 1158 2623 Piso
1174 2558 1321 2645 pontifex
1338 2564 1359 2624 t.
1375 2563 1405 2636 5,
1430 2558 1657 2635 Tao.a.6,10.

370 2660 482 2726 Etiam
504 2661 540 2723 in
561 2665 617 2726 7.1
639 2665 751 2725 contra
773 2660 914 2726 ordinem
936 2661 1064 2726 solitum
1085 2662 1238 2745 seriptum
1259 2667 1304 2727 est
1318 2661 1357 2728 L.
1373 2659 1569 2747 Calpurnius
1583 2661 1658 2724 Piso

370 2762 484 2848 pontif.
507 2785 581 2840 cos„
605 2765 699 2846 quasi
722 2763 860 2850 ‘pontit’
885 2785 955 2828 eum
983 2766 1163 2830 nominibus
1192 2770 1261 2830 arte
1283 2765 1472 2830 cohaereret.
1517 2765 1660 2850 Φοόρτιος

370 2867 405 2930 in
434 2865 537 2931 indice
566 2865 684 2930 Dionis
712 2867 780 2930 sinc
810 2866 906 2930 dubio
935 2873 1118 2950 corruptum
1147 2873 1192 2933 est
1222 2890 1260 2933 ea
1282 2871 1404 2956 Φροῦγι,
1434 2867 1490 2934 aad
1519 2867 1661 2932 dubitari

367 2973 480 3052 polest,
504 2989 579 3032 num
599 2989 766 3051 oopnomea
780 2975 862 3032 recto
879 2967 952 3034 leuia
968 2971 1120 3035 tributum
1134 2973 1186 3035 sit.
1217 2970 1314 3035 Patri
1327 2971 1412 3035 caim
1427 2972 1466 3038 J..
1484 2969 1659 3053 Calpurnio

368 3073 481 3137 Pisoni
507 3071 682 3136 Caesonino
712 3092 880 3154 cognomen
913 3071 1014 3156 Frugi
1048 3093 1112 3138 non
1143 3073 1242 3154 fuisso
1271 3077 1383 3138 contra
1410 3073 1583 3138 Asoom'um
1611 3072 1638 3154 ('

367 3173 533 3238 Pisonian.
552 3196 586 3256 p.
609 3177 644 3259 2)
667 3175 731 3236 riri
752 3173 836 3238 docti
865 3175 933 3238 iure
960 3179 1139 3240 statuerunt
1162 3177 1202 3258 cf.
1225 3174 1399 3240 Dalmarm
1416 3175 1462 3241 II
1470 3197 1507 3258 p.
1523 3180 1571 3240 63.
1613 3173 1660 3238 Et

368 3279 483 3342 mirum
499 3283 544 3341 est
557 3282 674 3354 nostro,
696 3282 731 3341 ut
747 3278 787 3341 at
804 3277 879 3341 aliis
895 3279 1005 3342 Imoiis
1020 3277 1191 3342 Pisonilrus
1206 3279 1459 3362 distinpuerotar,
1475 3275 1659 3342 uocabulum

367 3380 532 3463 pontificis
548 3378 692 3444 additum
709 3400 781 3454 esse,
797 3401 861 3444 non
876 3401 1043 3462 eopaomen
1059 3381 1313 3464 aetateAupusti
1327 3400 1530 3445 cancrorum
1544 3377 1658 3460 Frugi,

367 3502 426 3564 auo
449 3487 521 3546 tuno
538 3485 708 3563 praeterea
726 3501 809 3546 unus
823 3486 975 3563 qnantum
988 3484 1131 3548 nouimus
1147 3483 1204 3550 Cn.
1221 3482 1300 3548 Piso
1314 3503 1375 3548 oos.
1392 3504 1422 3546 o.
1440 3486 1498 3546 731
1512 3501 1588 3546 usus
1602 3483 1657 3544 est.

432 3583 515 3646 Luci
538 3582 622 3646 filius
645 3582 711 3648 Dia
733 3583 827 3647 enarr
850 3583 869 3650 l.
892 3588 942 3662 53,
970 3595 1062 3670 pater
1093 3587 1121 3649 ei
1148 3587 1312 3651 censorius
1334 3585 1395 3649 fuit
1421 3585 1494 3649 Tae.
1518 3587 1595 3659 α.6,
1617 3587 1659 3645 10

366 3684 485 3749 seilicet
509 3686 548 3748 J..
578 3684 656 3750 Piso
685 3683 793 3751 consa
822 3707 851 3752 a.
876 3690 934 3750 696
959 3715 1002 3740 =
1020 3691 1076 3763 58,
1107 3707 1216 3752 censor
1246 3709 1277 3753 a.
1301 3692 1362 3752 704
1384 3717 1425 3740 =
1446 3690 1486 3751 50
1507 3707 1537 3752 a.
1558 3685 1593 3750 0.
1615 3719 1659 3730 -

367 3785 490 3851 Consul
521 3809 549 3854 a.
575 3788 636 3852 738
658 3817 701 3841 =
725 3789 765 3852 15
786 3810 815 3852 a.
838 3786 875 3852 C.
928 3788 1019 3853 Idem
1047 3789 1171 3854 uidetur
1199 3790 1238 3853 L.
1270 3791 1345 3854 Piso
1377 3786 1547 3874 proconsul
1577 3785 1658 3868 (sal.

369 3889 645 3974 Transpadanus),
678 3889 764 3975 apud
797 3912 894 3975 quem
918 3889 1075 3955 Albucius
1107 3891 1194 3957 Silus
1224 3914 1314 3956 reum
1345 3891 1453 3955 caedis
1483 3887 1657 3954 Mediolani

367 3989 513 4056 defendit
536 3991 663 4058 Sueten.
689 3992 725 4056 de
747 3981 866 4056 rhetori
883 3997 932 4057 30.
979 3993 1122 4076 Legatos
1146 3995 1287 4077 Augusti
1312 3993 1524 4079 Pamphyliae
1545 4014 1574 4056 a.
1596 3991 1656 4055 741

367 4123 408 4146 =
432 4095 472 4158 13
495 4115 522 4160 a.
546 4094 582 4161 C.
613 4092 679 4158 Dio
707 4099 757 4171 54,
781 4100 840 4172 34‚·
868 4095 912 4159 ad
939 4096 999 4159 iter
1028 4097 1063 4160 in
1085 4098 1288 4178 provinciam
1314 4101 1491 4178 mrsoeptum
1518 4099 1659 4178 spectare

364 4195 486 4261 uidetur
508 4197 604 4279 (piar.
627 4197 798 4278 Antipatri
817 4197 947 4261 Antlml.
968 4220 1016 4281 pr.
1035 4205 1086 4275 10,
1109 4203 1162 4265 25.
1199 4198 1280 4264 Inde
1303 4201 1336 4263 in
1359 4199 1532 4264 Thraciam
1555 4209 1655 4261 trans

365 4297 450 4362 latus
464 4321 523 4384 per
538 4300 710 4364 triennium
726 4303 769 4384 (a.
793 4301 929 4380 13-11)
945 4299 1070 4384 legatus
1087 4303 1229 4385 Augusti
1245 4325 1318 4366 cum
1333 4301 1493 4365 Thraciae
1507 4299 1657 4383 gentibus

365 4400 486 4464 bellum
507 4403 607 4484 gessit
630 4411 662 4465 et
684 4413 872 4468 ornamenta
893 4403 1101 4489 triumphalia
1116 4407 1233 4469 meruit
1247 4406 1358 4470 maus
1372 4403 1528 4487 periocha
1550 4401 1656 4480 l.140,

366 4503 499 4569 Velleius
528 4510 559 4582 2,
584 4509 640 4582 98,
669 4505 757 4581 Tae,
787 4504 854 4570 Dio
876 4505 897 4570 l.
921 4506 956 4583 7.,
985 4506 1109 4572 Florus
1130 4513 1163 4586 2,
1182 4513 1234 4585 27,
1267 4509 1387 4574 Seneca
1417 4507 1506 4590 epist.
1528 4510 1578 4583 83,
1608 4509 1657 4570 14.

366 4606 553 4671 Praefectus
575 4607 649 4671 urbi
679 4606 740 4671 sub
762 4606 892 4672 Tiberio
920 4607 1068 4687 Velleius,
1101 4610 1238 4688 Seneca,
1267 4611 1394 4674 Tacitus
1416 4609 1436 4676 7.
1460 4609 1499 4688 7.,
1528 4609 1656 4676 malm

369 4708 476 4773 Tibur.
491 4714 545 4786 42,
569 4707 657 4774 Ptin.
672 4729 703 4774 n.
720 4709 750 4774 le.
766 4715 814 4784 14,
834 4714 890 4775 145
913 4711 954 4792 of.
971 4713 1069 4794 epigr.
1085 4711 1257 4795 Antipatri
1278 4711 1298 4777 7.
1317 4711 1336 4776 7.
1353 4717 1381 4789 6,
1397 4715 1466 4777 335.
1505 4711 1599 4776 Anno
1615 4712 1657 4776 32

367 4813 592 4893 octogenarius
621 4822 766 4876 mortuus
796 4811 862 4876 Dio
892 4817 942 4889 58,
973 4819 1023 4890 19,
1058 4814 1130 4880 Tae.
1156 4839 1185 4882 a.
1209 4821 1229 4880 6
1236 4866 1244 4892 ‚
1267 4821 1323 4892 11,
1362 4825 1532 4900 postquam
1566 4836 1658 4900 prae·

363 4913 571 4980 fecturaXX
587 4937 761 5001 perennes
777 4915 907 4980 functus
923 4925 980 5000 est,
1003 4917 1135 5003 publico
1156 4919 1271 4985 funere
1292 4917 1394 4984 elatus
1422 4917 1495 4985 Tar.
1543 4916 1608 4982 Vbi
1628 4918 1658 4983 si
