3732 5622
218 273 409 342 enascens
861 267 922 341 481
1335 268 1571 340 eamseoims

238 521 281 530 -
303 493 342 552 M.
364 493 501 548 ANTIVS
525 491 715 548 CRESCENS
740 491 1038 548 CALPVRNIANVS.

235 586 420 652 -Atilius
443 585 611 652 Crescens.

238 725 282 735 -
303 689 340 754 P.
363 688 520 754 Bassilius
545 688 711 755 Crescens.

239 829 282 838 -
304 791 381 858 Sex.
402 791 563 858 Caecilius
586 789 742 856 Crescens
765 790 972 857 Volusianus.

240 930 279 938 -
304 903 334 962 C.
358 904 499 959 MEVIVS
523 904 642 959 SILIVS
667 903 858 958 CRESCENS
882 901 1207 958 FORTVNATIANVS.

239 1033 282 1042 -
305 1007 458 1062 SATTIVS
483 1005 684 1062 CRESCENS.

239 1137 282 1146 -—
304 1101 537 1188 [Sem]pronius
560 1098 751 1183 Cresce[u]s.

238 1241 283 1250 -
305 1203 493 1288 Tarquitius
515 1202 683 1270 Crescens.

238 1309 521 1390 —vnn(nn1vs)
545 1314 737 1370 enascens
760 1303 1010 1388 manumve.

238 1447 282 1456 -
303 1409 439 1476 Aurelia
458 1407 654 1474 Crescentis.

238 1551 282 1559 —
304 1524 336 1590 Q.
359 1521 509 1576 snclvs
534 1509 758 1594 [uolunsrvs
782 1507 1127 1592 antecameram}

239 1651 282 1660 -
304 1624 338 1679 L.
360 1624 501 1678 BAEBIA
524 1622 729 1678 SALLVSTIA
753 1621 1046 1680 CRESCENTILLA.

239 1757 283 1767 —
306 1718 445 1784 Canutia
467 1717 687 1782 Crescentina.

240 1859 283 1867 -
305 1820 361 1904 [a]
385 1819 607 1906 [apacmlvs
631 1818 845 1902 amarante
870 1818 1074 1902 caenaret

239 1961 283 1972 —
303 1923 348 2007 [Q.
372 1931 568 1987 CAECILIVS
591 1929 793 1986 METELLVS
817 1921 1011 2005 CR]ETICVS
1033 1929 1159 1985 IVNIVS
1184 1919 1375 2004 SILA[NVS].

238 2063 284 2072 -
305 2035 338 2103 Q.
363 2033 559 2089 CAECILIVS
582 2033 784 2088 METELLVS
809 2033 991 2089 CRETICVS
1016 2031 1183 2088 SILANVS.

239 2165 282 2174 -—-
303 2127 407 2194 Iulius
429 2125 586 2194 Creticus.

240 2231 485 2314 -Cretonius,
508 2229 695 2294 aedificator
722 2230 864 2312 insanus,
888 2251 965 2316 opes
988 2229 1086 2312 fregit
1107 2227 1249 2293 Juvenal.
1271 2233 1319 2306 14,
1342 2231 1465 2306 86-95;
1486 2225 1573 2292 filius

284 2335 407 2420 pariter
428 2355 539 2399 amens
561 2331 624 2397 ibd.
647 2353 674 2397 o.
697 2337 748 2398 94.

222 2439 304 2503 1290
326 2435 532 2520 Crinagoras,
555 2445 659 2522 poeta,
683 2438 876 2499 ammana
897 2435 932 2498 in
954 2433 1075 2500 darino
1097 2439 1118 2499 t.
1136 2433 1342 2518 Mytilenaeis
1364 2432 1452 2516 apud
1466 2431 1575 2500 06626-

283 2541 375 2622 marn,
399 2538 483 2603 Rom
503 2537 572 2603 and
593 2537 748 2621 Mytilene
764 2559 801 2619 p.
817 2541 869 2604 12.
890 2541 940 2620 43,
965 2537 1179 2619 Sitrnnpsbrr.
1203 2536 1232 2600 6.
1254 2535 1343 2604 Berl.
1363 2535 1469 2602 Atat
1492 2541 1575 2602 1889

281 2666 317 2724 p.
330 2647 394 2708 962
404 2662 479 2724 sqq,
496 2643 537 2723 ef.
557 2640 735 2705 Mommsen
749 2639 814 2703 ibd.
823 2662 860 2722 p.
873 2643 934 2704 975
945 2659 1009 2721 sqq.
1025 2643 1055 2703 et
1070 2639 1283 2722 Sitrnnpsber.
1300 2643 1382 2703 1895
1390 2661 1426 2721 p.
1438 2643 1499 2704 897
1509 2659 1573 2722 sqq.

284 2743 502 2830 Mytilenaeas
524 2742 629 2808 clarus
654 2753 759 2807 aetate
785 2741 955 2808 Strabonis
974 2741 1164 2818 stratore,
1187 2747 1219 2826 2,
1242 2745 1263 2806 3
1282 2763 1317 2823 p.
1334 2744 1396 2805 617
1401 2762 1411 2819 ;
1433 2740 1574 2828 Callippi

284 2847 370 2912 filius
386 2846 481 2911 titali.
519 2846 575 2911 Bis
593 2846 678 2910 inter
691 2844 817 2928 legatos
834 2844 1048 2929 Mytilenaeas
1065 2844 1134 2928 fuit,
1158 2843 1215 2930 qui
1231 2843 1272 2908 ad
1289 2843 1461 2910 Caesarem
1476 2844 1576 2909 dicta·

283 2961 386 3014 torem
400 2972 429 3013 a.
440 2949 501 3013 709
517 2978 556 3002 =
572 2949 613 3014 45
630 2971 658 3015 a.
675 2947 711 3015 C.
732 2958 765 3012 et
779 2946 821 3011 ad
836 2946 1024 3030 Augustum
1039 2969 1068 3012 a.
1082 2946 1220 3012 7281729
1232 2975 1273 2998 --
1284 2945 1379 3011 26i25
1395 2947 1575 3014 missisunt

284 3054 331 3122 tit.
349 3054 390 3134 of.
408 3051 586 3140 Mommsen
601 3048 620 3117 l.
637 3049 657 3114 l.
689 3051 807 3115 Postea
823 3048 879 3113 diu
897 3050 1020 3113 Romae
1035 3058 1183 3113 versatus
1200 3059 1232 3113 et
1254 3049 1289 3112 in
1303 3047 1398 3112 domo
1417 3048 1575 3116 Octaviae

284 3157 402 3219 sororis
417 3153 559 3236 Augusti
575 3150 778 3216 familiariter
801 3153 883 3236 egit:
908 3153 1036 3238 scripsit
1057 3151 1091 3214 in
1105 3151 1164 3233 (M.
1180 3149 1368 3234 Claudium)
1383 3151 1575 3219 Marcellum

284 3280 326 3321 ex
337 3257 497 3342 Hispania
513 3277 681 3319 reversum
696 3255 792 3337 (anno
807 3256 875 3337 sere
887 3259 951 3320 729
961 3284 1002 3307 =
1014 3259 1056 3320 25
1073 3255 1114 3336 os.
1124 3274 1225 3336 snpra
1238 3275 1270 3321 n.
1284 3253 1354 3336 739)
1365 3255 1463 3338 eprpr.
1475 3256 1574 3322 Antii.

247 3363 250 3370 ⁴
280 3380 385 3442 praee
398 3365 426 3436 6,
435 3361 504 3435 161,
520 3368 689 3443 praeterea
703 3363 732 3434 9,
748 3362 827 3436 545;
850 3358 884 3422 in
899 3358 1087 3440 coniugium
1100 3355 1291 3443 Cleopatrae
1311 3367 1343 3419 et
1357 3355 1457 3422 Iubae
1476 3361 1574 3444 epipr.

282 3467 312 3539 9,
329 3466 409 3540 235;
430 3460 471 3526 ad
488 3461 664 3526 Antoniam
681 3459 864 3542 (minorem)
881 3461 979 3542 epipr.
995 3463 1024 3537 9,
1039 3463 1114 3536 239,
1139 3460 1172 3522 in
1189 3463 1398 3546 puerperium
1413 3463 1482 3528 eius
1497 3465 1576 3528 viva

282 3564 421 3631 Octavia
429 3565 527 3646 epr'pr.
537 3567 635 3640 6244
643 3564 745 3646 (intra
753 3585 783 3627 a.
793 3561 969 3628 restrae:
979 3561 1091 3647 15.‘11),
1102 3563 1134 3625 in
1145 3561 1208 3638 (Ti.
1217 3561 1404 3650 Claudium)
1413 3565 1575 3631 Neronem

281 3669 418 3732 fratrem
428 3665 529 3731 Drusi
546 3667 643 3749 epipr.
656 3671 705 3749 16,
717 3671 756 3730 61
769 3666 863 3747 (certe
874 3669 1019 3748 nonpost
1030 3687 1060 3728 a.
1069 3669 1139 3741 757,
1152 3685 1212 3747 qno
1225 3665 1371 3732 Tiberias
1383 3669 1575 3753 abAnpnsto

282 3771 452 3853 adoptatas
467 3774 521 3846 est,
532 3768 747 3852 probabiliter
761 3769 850 3832 intra
865 3789 893 3832 a.
906 3768 1037 3833 7391746
1047 3797 1089 3820 =
1098 3767 1214 3856 15418).
1232 3767 1291 3834 Cui
1305 3770 1529 3853 epipraniniati
1541 3773 1577 3837 in

286 3874 446 3938 Tiberiani
461 3873 579 3955 scripto
594 3870 773 3954 campione
791 3870 978 3953 respondeat
994 3855 1129 3935 alteram
1150 3871 1184 3936 in
1198 3871 1349 3937 victorias
1362 3872 1573 3940 ‘Germanici'

282 3975 486 4058 compositam
500 3979 529 4051 9,
546 3977 620 4050 283,
638 3974 723 4038 oiros
742 3973 847 4038 doctos
867 3972 941 4038 alirn
959 3977 1042 4037 reate
1060 3973 1096 4037 id
1109 3973 1144 4037 in
1158 3971 1302 4038 Drusum
1315 3976 1474 4042 rettulisse
1481 3984 1573 4062 pato.

283 4077 390 4160 Neque
412 4078 495 4142 enim
515 4076 617 4141 aliurn
638 4077 851 4159 tormentata,
880 4077 970 4141 enias
1000 4080 1119 4158 terrpns
1142 4082 1223 4141 certe
1250 4077 1381 4160 delinire
1405 4078 1492 4158 licet,
1523 4102 1575 4146 res

280 4185 354 4262 post
382 4200 412 4243 a.
437 4183 496 4244 746
527 4183 616 4243 aetas
645 4183 798 4243 aremorat
824 4182 853 4242 et
882 4179 915 4243 in
946 4183 1038 4242 tanta
1067 4178 1293 4260 familiaritate
1321 4179 1519 4264 Criaaporae
1547 4189 1576 4248 et

281 4283 443 4347 Antoniae
465 4303 542 4346 sane
563 4283 679 4346 rnirnrn
702 4287 779 4346 esset
800 4280 922 4346 antinoi
944 4286 1052 4346 entare
1074 4281 1271 4364 epiprannna
1292 4282 1328 4346 in
1342 4285 1493 4347 moritura
1508 4284 1577 4368 (qni

281 4391 475 4450 nienrnatnr
504 4383 588 4456 πόσις
618 4385 743 4449 nornine
771 4385 883 4448 arsisse
908 4389 936 4460 6,
960 4384 1047 4467 244),
1080 4385 1115 4446 in
1143 4405 1233 4466 qnern
1262 4385 1396 4450 eairnins
1423 4387 1518 4468 savar
1546 4394 1576 4453 et

281 4487 427 4569 familiae
449 4487 675 4570 inmantariae
698 4491 727 4551 et
742 4486 858 4570 papati
880 4486 1023 4551 Romani
1044 4491 1122 4551 erat.
1158 4486 1249 4568 Qaad
1267 4491 1370 4552 autern
1387 4488 1575 4555 Germanici

282 4610 451 4673 6696666666
472 4589 582 4654 Drnso
598 4594 674 4672 post
697 4595 827 4654 nrortenr
843 4588 974 4671 publice
997 4589 1154 4654 decretam
1175 4594 1221 4654 est
1243 4589 1296 4672 (os.
1319 4609 1419 4671 aspra
1437 4615 1472 4675 p.
1488 4597 1573 4680 368),
1593 4627 1594 4632 4

281 4713 345 4757 non
368 4693 480 4768 obstat,
504 4713 543 4756 ne
559 4693 716 4774 privatim
738 4690 774 4755 id
793 4691 842 4755 vel
863 4695 959 4755 antea
981 4689 1161 4756 adulatorie
1182 4696 1371 4774 asnrpatanr
1393 4713 1457 4757 esse
1472 4717 1575 4777 pono·

281 4815 360 4872 rnns,
383 4795 495 4877 qualia
515 4795 679 4859 sescenties
700 4795 733 4858 in
758 4792 1025 4877 appellationibas
1043 4793 1227 4878 honorificis
1243 4797 1345 4858 aetate
1367 4795 1576 4878 imperatoria

280 4898 371 4978 faeta
399 4901 482 4963 sant.
528 4897 590 4962 Sin
610 4902 714 4962 antem
740 4902 822 4962 recte
845 4897 1023 4962 Mommsen
1045 4901 1074 4960 et
1096 4896 1289 4962 Rnbensobn
1311 4896 1362 4979 (p.
1385 4902 1439 4985 19)
1461 4901 1496 4963 in
1518 4899 1574 4964 illo

268 5005 479 5062 renuam-pun
491 5006 554 5060 Imp.
568 5006 637 5049 eom.
664 5005 685 5048 1.
1332 5001 1364 5054 31
