3758 5628
214 336 334 392 GEBES
865 329 928 395 325
1394 339 1568 396 carumve

1443 438 1567 447 ---—

279 549 371 615 VIII
386 552 489 628 2583;
521 550 701 614 coniectura
726 549 827 633 plane
861 552 984 616 incerta
1015 552 1145 618 nernina
1174 553 1242 618 eius
1270 554 1417 618 restituta
1446 557 1518 619 sunt
1547 575 1570 620 a

276 651 415 716 Raniero
434 652 469 715 iu
492 655 513 716 t.
538 651 648 717 mutdo
671 652 764 717 VIII
780 657 868 720 2697
888 653 967 718 anui
987 657 1056 720 186.

214 754 296 820 tela
319 752 432 836 Cebes,
449 775 531 838 puer
542 752 689 837 Vergilii,
702 776 799 841 quem
817 755 845 819 ei
861 755 1042 820 donaverat
1055 755 1227 820 Maecenas
1239 754 1366 822 Donati
1378 757 1432 822 vit.
1452 756 1567 840 Verpil.

275 877 313 940 p.
328 861 368 922 57
387 856 474 926 Suet.
496 856 585 938 reliq.
608 857 655 922 ed.
676 855 915 937 Reifferscheid,
939 857 1070 923 Seruius
1091 859 1125 923 iu
1149 858 1262 942 Verpd.
1286 859 1455 938 ecl.2,15.

213 960 277 1024 492
300 967 513 1042 cEcRoPle,
536 960 588 1024 vir
609 957 805 1024 clarissimus
829 960 880 1026 VI
896 965 957 1025 836
978 961 1115 1042 fortasse
1137 961 1253 1026 aetatis
1267 962 1466 1044 posterioris.

215 1062 280 1127 493
303 1060 479 1147 Cecropius
495 1063 564 1126 sive
575 1059 743 1146 Ceronius,
756 1061 826 1127 dux
837 1061 1073 1146 Dalmatarum,
1090 1064 1320 1128 coniurationis
1335 1065 1368 1128 in
1381 1061 1566 1132 Gallienum

278 1166 439 1250 particeps
470 1164 695 1249 imperatorem
725 1162 788 1229 telo
823 1165 1022 1250 percussisse
1050 1163 1170 1230 dicitur
1198 1165 1252 1229 ait.
1281 1163 1425 1230 Gallieni
1446 1169 1495 1230 14.
1524 1201 1568 1212 -—

276 1263 409 1350 Cecrops
440 1267 597 1342 Mamers,
628 1267 683 1348 qui
710 1267 745 1330 in
774 1265 966 1331 editionibus
994 1267 1228 1349 antiquioribus
1254 1265 1376 1332 Zosimi
1397 1271 1427 1346 1,
1448 1271 1491 1333 38
1519 1270 1566 1334 iu-

274 1369 407 1446 venitur,
439 1390 461 1433 a
483 1369 610 1434 Zosimo
633 1369 757 1434 alienus
779 1373 840 1448 est,·
868 1390 944 1434 uam
973 1369 1054 1435 liber
1076 1369 1249 1435 Vaticanus
1269 1390 1333 1435 non
1354 1369 1511 1457 Κέκροπός
1532 1397 1566 1458 γε

274 1480 325 1540 τοῦ
339 1472 541 1559 Μαυρουσίου,
564 1477 600 1538 ut
616 1472 708 1556 vulpe
724 1472 894 1556 tepebatur,
917 1472 974 1537 sed
993 1496 1122 1559 μεμορος
1143 1472 1266 1538 exbibet
1284 1473 1325 1554 cf.
1344 1471 1567 1539 Mmdelssoiru

274 1575 318 1640 ad
332 1575 352 1640 i.
369 1575 400 1653 l,
424 1577 480 1659 qui
500 1580 530 1640 et
546 1575 633 1658 apud
646 1577 898 1641 continuatorem
912 1573 1030 1640 Dionis
1052 1575 1139 1642 Ved.
1154 1574 1304 1658 Dindorf
1314 1596 1351 1658 p.
1365 1580 1434 1644 226
1449 1573 1567 1642 dicitur

274 1677 392 1765 Μέμωρ
415 1678 612 1764 Μαυρούσιος.

208 1779 274 1846 494
297 1779 483 1867 Cecropius,
498 1780 566 1845 dux
582 1802 624 1844 ex
638 1778 810 1866 disciplina
823 1779 954 1846 militari
970 1779 1173 1866 imperatoris
1186 1779 1287 1846 Probi
1297 1780 1352 1846 uit.
1360 1778 1463 1846 Probi
1469 1785 1526 1858 22,
1535 1783 1565 1846 3.

208 1883 272 1948 495
295 1881 450 1948 Ceionius
475 1879 534 1963 (sio
561 1883 779 1966 apopraplunn
801 1882 1017 1960 Ameriaeltii,
1050 1881 1086 1948 C.
1110 1883 1251 1946 Eionius
1275 1881 1370 1948 editio
1390 1881 1565 1966 princepe,

275 1984 457 2071 praefectus
472 1995 654 2050 castrorum
669 1984 837 2066 Quinctilii
854 1985 934 2050 Vari
957 2007 986 2050 a.
1002 1985 1021 2049 9
1038 2008 1069 2070 p.
1086 1983 1123 2050 C.
1146 1985 1180 2049 in
1199 1983 1291 2050 clade
1306 1985 1449 2051 Variana
1472 1995 1566 2071 turpe

275 2087 460 2173 exemplum
483 2087 636 2173 prodidit,
667 2089 732 2173 qui,
765 2109 837 2151 cum
867 2085 964 2170 longe
990 2088 1162 2152 maximam
1186 2085 1567 2173 partem‘absumpsisset

273 2191 374 2273 acies,
405 2200 520 2255 auctor
547 2189 721 2255 deditionis
749 2188 907 2276 supplicio
930 2211 1026 2275 quam
1057 2189 1179 2276 proelio
1202 2191 1283 2256 mori
1306 2189 1410 2255 voluit
1432 2189 1567 2256 Velleius

273 2297 306 2369 2,
332 2298 402 2372 119,
424 2299 454 2358 4.

207 2393 272 2459 496
293 2404 328 2460 L.
352 2393 551 2479 cEl[0NlVS]
576 2416 661 2458 anno
676 2395 713 2460 91
739 2403 907 2481 cooptatus
924 2392 971 2474 (in
986 2393 1150 2477 callepium
1164 2392 1322 2459 sodalium
1336 2393 1563 2476 Aummiuiium

271 2494 493 2562 Claudialimn
514 2501 550 2561 ut
570 2496 706 2580 uidetur)
730 2496 780 2563 VI
796 2501 896 2575 1988;
927 2495 1102 2580 Cei[onius]
1130 2498 1264 2572 restitui,
1295 2497 1371 2580 auia
1401 2497 1470 2561 alia
1489 2517 1566 2579 pens

272 2599 389 2665 nobilis
410 2599 500 2666 illius
522 2599 646 2676 aetalia,
670 2599 758 2664 uritis
779 2620 892 2666 noram
908 2598 1061 2665 alitteris
1083 2616 1131 2664 cru
1153 2600 1296 2683 incipiat,
1319 2619 1383 2665 uon
1397 2599 1564 2665 invenitur.

274 2702 383 2768 Potest
404 2722 468 2768 esse
491 2701 599 2767 emuul
621 2724 651 2766 u.
667 2706 736 2767 106.

208 2804 272 2870 497
296 2813 470 2870 OEIONIVS
485 2813 656 2887 ALBINVS,
681 2803 865 2890 praefectus
881 2804 954 2869 urbi
968 2804 1030 2870 sub
1046 2803 1221 2870 Valeriano
1239 2804 1292 2868 uit.
1309 2802 1482 2868 Ameliani
1496 2809 1524 2879 9,
1541 2807 1566 2868 2

273 2908 308 2972 in
323 2906 460 2990 epistula
474 2907 569 2990 fieta·
591 2907 763 2972 Nummius
779 2905 918 2972 Albinus
941 2906 1123 2992 praefectus
1147 2906 1219 2971 urbi
1242 2927 1326 2996 anno
1342 2907 1406 2971 256
1426 2904 1563 2972 Chrono-

270 3008 422 3092 praplms.
467 3008 543 3074 Vide
565 3009 657 3090 infra
678 3008 735 3074 sub
759 3008 806 3072 Μ.
831 3008 982 3074 Nummio
1003 3008 1131 3074 Ceionio
1153 3008 1263 3074 Annio
1285 3007 1412 3073 Albino.

207 3111 271 3177 498
294 3111 448 3177 Ceionius
477 3110 633 3195 Albinus,
672 3111 766 3178 homo
797 3111 915 3176 nobilis
944 3111 986 3177 ab
1019 3113 1214 3198 imperatore
1247 3111 1403 3197 Septimio
1438 3110 1561 3176 Severo

273 3215 398 3279 occisus
419 3215 473 3280 uit.
497 3214 607 3280 Severi
626 3219 676 3293 13,
695 3219 726 3283 3.

218 3351 262 3362 -
293 3325 333 3382 M.
356 3325 528 3382 NVMMIVS
554 3325 730 3382 CEIONIVS
753 3325 893 3381 ANNIVS
916 3325 1086 3383 ALBINVS.

207 3419 494 3484 4990m10u1vs
525 3429 725 3502 OAMENIVS,
757 3421 810 3483 vir
839 3418 1036 3485 clarissimus
1066 3429 1098 3486 et
1124 3419 1278 3486 Caeionia
1307 3419 1470 3484 Fusciano
1500 3417 1563 3484 cla-

271 3522 400 3586 rissima
428 3521 549 3589 semina
576 3526 790 3588 memorantem
819 3521 854 3586 in
876 3527 897 3591 t.
917 3523 1089 3590 nutritoris
1118 3523 1169 3590 VI
1188 3527 1298 3590 21787
1324 3521 1445 3588 suemli
1472 3522 1560 3587 IIII

268 3625 379 3706 potius
399 3645 495 3707 mrum
515 3625 586 3692 ΙΙΙ.

207 3725 272 3790 560
292 3737 331 3793 Μ.
355 3727 559 3814 (CEIONIVS)
583 3737 708 3792 clvlot
730 3735 937 3810 BARBARVS,
963 3726 1075 3793 consul
1095 3747 1179 3792 anno
1205 3727 1265 3792 157
1289 3749 1362 3791 cum
1378 3725 1423 3792 Μ.
1438 3725 1563 3792 Metilio

271 3828 406 3913 Regulo.
432 3830 475 3895 In
489 3829 672 3896 ammiates
686 3829 731 3897 Μ.
748 3827 863 3894 Civica
877 3828 1044 3896 Barbarus
1067 3830 1118 3896 VI
1126 3834 1197 3907 376,
1212 3829 1272 3896 XI
1277 3828 1410 3907 V2410‚
1427 3834 1562 3895 eetaum

271 3931 437 3997 Barbarus
460 3933 549 4014 fasti.

333 4034 443 4100 Medio
466 4033 543 4100 belli
565 4033 710 4100 Parthici
734 4044 877 4122 tempore
897 4034 940 4115 (a.
957 4037 1028 4116 164)
1054 4035 1228 4120 imperator
1243 4032 1288 4098 M.
1304 4032 1458 4098 Aurelius
1474 4032 1562 4099 Civi-

271 4157 339 4200 cam
362 4146 513 4224 patruum
529 4137 608 4203 Veri
631 4146 663 4204 et
683 4137 841 4203 Lucillam
865 4138 963 4203 filiam
985 4137 1026 4207 ad
1041 4137 1162 4204 Verum
1190 4139 1224 4200 in
1247 4136 1377 4222 Syriam
1398 4137 1486 4200 misit
1506 4137 1561 4203 ait.

271 4237 382 4304 Marci
398 4245 429 4318 9,
445 4244 476 4304 4.
519 4241 685 4307 Barbarus
714 4251 849 4326 patruus
872 4241 950 4306 Veri
979 4239 1093 4306 Galen.
1115 4239 1175 4305 XI
1179 4238 1210 4302 V
1218 4261 1255 4322 p.
1275 4242 1344 4304 613.
1367 4243 1428 4304 619
1452 4239 1496 4304 Κ.
1519 4275 1562 4285 —-

270 4339 387 4407 Frater
408 4363 481 4426 erpo
503 4344 541 4408 L.
565 4343 656 4410 Adii
677 4340 834 4420 Caesaris,
857 4343 945 4428 filim
966 4343 1005 4408 L.
1030 4341 1152 4408 Ceionii
1173 4340 1336 4408 Conemodi
1353 4361 1413 4407 eos.
1438 4361 1467 4407 a.
1490 4346 1560 4406 106.

206 4443 267 4508 501
292 4455 324 4509 L.
347 4453 523 4511 GEIONIVS
546 4454 762 4528 COMMODVS,
787 4444 901 4510 consul
924 4466 1009 4509 anno
1033 4445 1072 4511 78
1096 4465 1169 4508 cum
1191 4444 1234 4510 D.
1251 4443 1356 4509 Novio
1379 4443 1501 4509 Prisco.
1517 4481 1561 4490 -

273 4545 473 4613 Muneratur
494 4548 529 4613 ia
550 4552 571 4613 t.
594 4549 696 4613 soceri
718 4547 769 4613 VI
786 4551 867 4612 1348
889 4546 944 4631 (1),
966 4548 1078 4613 uaoris
1098 4551 1178 4612 1349
1200 4546 1258 4630 (2).

333 4650 377 4716 Iu
398 4649 581 4716 consulatu:
602 4650 640 4716 L.
662 4650 816 4716 Ceionius
840 4648 1061 4734 [Comlmodus
1084 4649 1134 4716 VI
1147 4653 1240 4728 2956,
1261 4650 1405 4716 Karnaia
1427 4649 1560 4735 Κομόδυ

272 4754 337 4818 ὑπο.
367 4755 402 4818 in
432 4752 587 4836 anmbora
609 4753 703 4836 picta
725 4751 885 4836 Pompeiis
913 4759 1040 4837 reperta
1062 4749 1233 4835 Soyliano,
1261 4751 1309 4817 m·
1335 4751 1394 4819 due
1425 4751 1561 4836 epiyrafi

273 4853 447 4936 araforarie
462 4854 655 4939 Pompeiane
671 4877 708 4939 p.
719 4860 757 4934 5,·
779 4861 914 4921 aeterum
929 4854 1124 4922 Commodus
1140 4855 1228 4936 fasti.
1241 4891 1281 4902 -
1297 4854 1451 4921 Ceionius
1468 4852 1560 4919 Com·

272 4956 381 5022 modus
404 4963 426 5022 t.
446 4962 475 5022 1.
497 4963 530 5024 2.
1266 4977 1271 4983 ·
