3732 5630
204 311 439 368 CALPVRNIVS
850 306 913 372 279
1324 314 1559 372 CALPVRNIVS

268 506 356 590 filius
376 507 507 590 quidum
526 507 563 574 P.
585 507 758 592 Cuipournii
772 511 884 576 Macri
899 510 1009 576 Cuulii
1022 511 1102 594 Rufi
1124 511 1222 594 lepoti
1237 512 1381 577 Moesiae
1396 511 1561 593 inferioris

268 609 322 693 (cf.
352 631 453 693 aspro
480 632 512 675 u.
535 612 626 693 220),
657 633 701 676 cu
730 613 774 678 ud
801 613 883 678 hunc
905 615 1009 696 ipsum
1032 617 1052 678 t.
1076 613 1260 696 referendus
1282 619 1312 678 ci
1336 613 1497 696 lcpcruiuur
1519 615 1561 678 sit

272 711 385 780 ‘uum
416 750 455 760 —
486 713 588 780 Filius
611 713 779 802 Calpurnii
802 717 906 781 Macri
937 715 1063 802 (lepoii)
1085 717 1210 781 nornine
1233 717 1346 782 concisso
1368 721 1561 782 nrcororuiur

268 813 356 884 Piin.
380 818 469 900 episi.
490 821 521 895 5,
544 821 594 896 18,
617 823 647 886 1.

203 919 269 984 222
292 917 490 1006 Calpurnius
509 919 692 1003 Marcellus,
715 923 731 986 d
747 925 907 1009 κράτιστος,
931 923 1067 986 maritus
1082 919 1275 988 Valentillac
1296 923 1329 986 iu
1346 920 1438 986 titulo
1451 923 1561 986 uaeris

269 1019 396 1106 Popers
410 1024 450 1105 of
460 1022 510 1088 tire
517 1023 691 1088 Aucericuu
700 1024 807 1089 school
823 1027 862 1108 os
873 1023 1559 1107 0000100106,06210001101800469.

203 1127 291 1192 2220
312 1124 510 1210 Calpurnius
531 1125 704 1208 Maximus,
728 1128 805 1212 imp.
821 1125 999 1191 Commodo
1023 1139 1055 1192 et
1073 1124 1231 1206 Quintillo
1254 1149 1318 1191 cos.
1342 1129 1385 1211 (u.
1401 1125 1475 1206 177)
1498 1126 1560 1190 sub

270 1229 377 1311 ciura)
400 1227 556 1315 Calpurni
574 1229 709 1294 Maximi
732 1231 767 1294 iu
788 1229 898 1313 fistulo
914 1230 1066 1312 pluncbcn
1087 1231 1215 1294 urduun
1232 1229 1359 1295 Noiirie
1374 1229 1458 1312 depii
1474 1229 1562 1292 sruoi

269 1335 351 1397 1895
368 1353 404 1413 p.
418 1335 480 1396 346
487 1352 497 1409 ;
512 1338 709 1414 procurator
730 1353 887 1414 uquarum
910 1353 993 1396 nuuc
1016 1337 1086 1396 177.

204 1433 270 1500 223
293 1433 334 1514 Q.
353 1433 549 1520 Calpurnius
565 1434 741 1518 Modestus,
767 1435 803 1502 C.
820 1435 853 1520 f,
877 1436 965 1500 tribu
988 1435 1091 1518 Qun,
1115 1445 1306 1522 procurator
1320 1433 1462 1520 Alpium,
1489 1455 1559 1520 pro-

269 1546 401 1601 curator
413 1535 525 1601 Ostiae
540 1535 582 1602 ad
597 1559 768 1621 annonam,
791 1549 983 1624 procurator
999 1539 1164 1603 Lucaniae
1178 1537 1271 1602 XIV
1281 1543 1340 1604 161
1356 1543 1378 1607 t.
1397 1537 1559 1602 Ostiensis.

203 1639 270 1704 224
292 1640 554 1722 (CALPVRNIVS)
578 1649 670 1705 PISO.
718 1640 861 1722 ‘Quibus
891 1643 988 1705 etiam
1018 1640 1132 1706 diebus
1155 1640 1352 1724 (Augustus)
1375 1639 1477 1704 multa
1503 1660 1562 1724 per

270 1761 313 1822 se,
336 1739 501 1828 multaque
523 1763 581 1827 per
604 1741 702 1808 duces
725 1743 902 1827 allegatos
925 1742 1011 1807 bella
1036 1743 1153 1826 gessit,
1180 1765 1254 1806 nam
1277 1744 1361 1806 inter
1383 1753 1506 1806 ceteros
1529 1750 1562 1805 et

272 1843 346 1907 Piso
369 1843 526 1910 adversus
548 1843 734 1910 Vindelicos
756 1847 872 1910 missus
895 1854 952 1927 est,
979 1844 1098 1931 quibus
1125 1845 1267 1910 subactis
1289 1845 1394 1909 victor
1416 1844 1458 1908 ad
1481 1843 1560 1909 Cac-

269 1967 375 2010 sarem
391 1946 589 2030 Lugdunum
603 1950 705 2012 venit’
726 1948 858 2014 Orosius
873 1953 901 2026 6,
914 1953 967 2025 21,
982 1954 1039 2024 22,
1062 1948 1118 2030 qui
1130 1953 1203 2012 nuic
1224 1947 1301 2012 lrucc
1322 1949 1419 2012 ocrbo
1439 1947 1562 2010 rettulit

268 2047 448 2130 Aupustum
467 2049 662 2115 Cantabrico
685 2051 765 2116 bello
787 2052 926 2132 consecto
943 2050 1080 2114 Runorn
1097 2049 1238 2114 rediisse.
1274 2049 1341 2114 Nec
1364 2055 1467 2114 terrun
1490 2049 1562 2114 inde

270 2150 415 2234 collipcre
436 2151 507 2216 licei
528 2152 633 2217 eodem
654 2154 722 2235 fere
745 2159 882 2236 tempore
898 2153 1048 2218 Rauen
1067 2158 1178 2217 couirn
1198 2151 1373 2217 Vindelicos
1389 2172 1560 2234 pncpnossc.

272 2254 359 2319 Num
381 2254 514 2320 Orosius
535 2276 604 2320 curn
619 2255 657 2320 cle
673 2256 761 2321 bellis
776 2256 916 2340 Aupusii
930 2278 968 2322 er
985 2255 1232 2338 autonomon,
1256 2254 1369 2332 Floro,
1393 2255 1560 2338 Eutropio,

272 2359 423 2424 Suetonio
453 2363 600 2440 eeccrptu
629 2360 879 2442 coruorcinoret,
911 2365 1084 2442 tcucporum
1114 2357 1255 2423 ordinent
1279 2359 1407 2423 nciuiucc
1429 2359 1560 2425 curacii.

271 2462 372 2529 Immo
387 2461 544 2544 eapcdc'iio
558 2460 688 2527 Pisonis
709 2462 754 2528 od
776 2463 889 2528 bellurn
910 2463 993 2545 0000
1013 2484 1043 2526 0.
1060 2467 1120 2528 739
1142 2491 1184 2514 =
1206 2465 1245 2526 15
1269 2483 1299 2526 o.
1320 2459 1354 2526 C.
1373 2461 1518 2526 Tr'bcrius
1533 2465 1563 2525 ci

272 2564 399 2631 Druna
421 2569 532 2630 contra
554 2565 692 2631 Noricos
713 2570 744 2631 ct
765 2565 941 2632 Vindelicos
960 2569 1132 2648 pcsscrunl,
1150 2565 1311 2647 portinere
1339 2563 1471 2640 ridetur,
1502 2584 1562 2646 pico

274 2675 410 2754 tempore
431 2668 595 2752 dupustus
617 2671 651 2734 iu
669 2669 782 2736 Gallio
805 2671 867 2753 cpit
888 2669 955 2734 Dio
967 2673 1018 2746 54,
1037 2675 1092 2735 20.
1114 2674 1157 2734 21
1180 2668 1221 2749 cf.
1238 2666 1358 2732 Eciclrcl
1380 2667 1430 2732 VI
1442 2689 1477 2749 p.
1490 2671 1559 2731 103.

202 2775 272 2840 225
295 2782 529 2839 CALPVRNIVS
553 2783 634 2838 PISO
658 2775 807 2838 recitavit
828 2781 1066 2859 καταστερισμῶν
1089 2769 1189 2836 libros
1205 2769 1305 2852 elegis
1320 2771 1457 2854 scriptos
1475 2767 1560 2834 Piin.

275 2878 361 2960 episi.
377 2881 407 2953 5,
427 2881 468 2940 17
474 2897 485 2954 ,·
504 2885 607 2942 mater
622 2885 655 2941 et
668 2873 770 2941 frater
783 2881 1000 2941 memorantur
1012 2873 1075 2939 iod.
1109 2872 1232 2937 Drcbiio
1245 2893 1321 2936 nuru
1337 2871 1374 2935 dc
1393 2871 1428 2936 0.
1445 2871 1562 2936 Pisone

273 2999 333 3045 cos.
350 3001 379 3044 n.
392 2984 453 3045 111
468 2979 605 3062 ospitari
612 2978 724 3062 possit,
741 2979 825 3060 quod
844 2977 922 3044 Piso
944 2977 1004 3054 lric,
1027 2997 1117 3058 quun
1133 2975 1263 3038 Plinius
1281 2976 1368 3039 circo
1382 2974 1562 3040 01057106

272 3083 456 3148 recitantem
478 3081 610 3158 audivit,
634 3081 674 3146 ub
698 3101 732 3146 eo
756 3081 873 3147 dicitur
894 3079 1085 3146 adulescens
1105 3079 1129 3162 ,d
1151 3083 1171 3142 4
1194 3077 1214 3142 i.
1238 3077 1258 3141 1.

201 3185 528 3252 2260n1u³v1tnlvs
558 3192 658 3263 PISO,
688 3183 849 3270 Scipionis
878 3181 973 3249 Orfiti
1004 3181 1090 3246 filius
1118 3182 1291 3246 honoratus
1313 3183 1334 3242 l.
1354 3177 1462 3242 Attico
1481 3176 1561 3241 CIA

272 3286 421 3353 111620.
459 3285 511 3352 Dc
532 3287 656 3352 lomuiue
676 3285 746 3352 oidc
767 3287 858 3369 infru
872 3287 929 3350 sub
946 3286 1017 3352 Ser.
1038 3283 1214 3366 Colpouruio
1236 3281 1385 3364 Scipione
1406 3280 1518 3362 Orfito.

199 3389 270 3457 227
294 3399 325 3454 c.
349 3399 583 3454 CALPVRNIVS
606 3398 686 3453 PISO
716 3395 908 3455 mernorolur
937 3391 972 3454 in
1003 3389 1084 3453 ociis
1103 3385 1274 3451 Arvalium
1302 3405 1333 3448 o.
1355 3387 1488 3458 30-63,
1520 3381 1564 3445 ud

273 3513 342 3557 earn
362 3493 482 3574 referri
503 3496 608 3575 polest
632 3497 652 3559 i.
676 3490 880 3557 Dolmoiincs
902 3492 968 3557 III
985 3491 1020 3559 S.
1044 3495 1167 3556 12794:
1193 3525 1232 3535 —
1258 3525 1296 3536 -
1320 3487 1448 3551 termini
1472 3487 1560 3550 resti-

272 3597 334 3660 tuti
362 3617 383 3659 a
411 3594 553 3680 [Phaone
582 3592 644 3678 leg.
674 3617 732 3680 pro
763 3605 891 3680 pretore
920 3595 989 3679 (sic)
1019 3593 1092 3677 [Tu]
1123 3589 1240 3658 Claudi
1271 3589 1420 3656 Caesaris
1450 3587 1559 3671 [Aug]

273 3695 461 3764 Germanici
476 3719 536 3782 per
550 3733 593 3744 —
609 3733 659 3761 -.
678 3735 717 3744 -
731 3695 931 3762 Proeuonccu
952 3701 1038 3760 catat
1060 3697 1094 3760 iu
1113 3697 1193 3760 ociis
1207 3692 1377 3757 Aurelium
1392 3695 1422 3756 ci
1441 3691 1514 3756 Toc.
1531 3712 1561 3754 0.

274 3805 324 3876 14,
341 3803 398 3878 65;
421 3803 469 3877 15,
484 3803 534 3876 84,
557 3799 632 3876 lu4,
648 3805 697 3877 11,
721 3799 850 3865 Suciou.
871 3799 940 3866 Col.
959 3803 1012 3876 25,
1035 3796 1101 3862 Dio
1122 3803 1173 3872 59,
1189 3800 1219 3863 8.

338 3901 514 3988 Calpurnio
543 3922 663 3985 genere
690 3913 780 3968 ortus
809 3925 847 3966 ac
875 3900 992 3966 multas
1022 3901 1232 3986 insignesque
1260 3895 1397 3962 familias
1427 3906 1563 3981 paterna

274 4003 442 4070 nobilitate
471 4003 659 4090 complexus
688 4004 775 4068 claro
805 4003 892 4089 apud
922 4003 1055 4086 vulgum
1086 4023 1215 4068 rumore
1238 4011 1308 4065 erat
1329 4023 1387 4085 per
1409 4001 1562 4062 virtutem

272 4115 330 4172 aut
357 4108 480 4192 species
509 4107 685 4173 virtutibus
715 4107 848 4187 similes;
882 4109 1023 4192 namque
1053 4104 1240 4170 facundiam
1274 4101 1402 4168 tuendis
1435 4099 1562 4164 civibus

274 4209 456 4292 exercebat,
480 4207 684 4292 largitionem
707 4209 864 4274 adversus
886 4211 1008 4272 amicos
1032 4219 1064 4273 et
1086 4208 1204 4290 ignotis
1227 4226 1367 4291 quoque,
1394 4204 1477 4266 comi
1498 4225 1562 4265 ser-

273 4335 369 4378 mone
390 4323 423 4378 et
442 4334 636 4396 congressu;
659 4313 795 4378 aderant
817 4313 914 4377 etiam
936 4313 1077 4394 fortuita,
1102 4331 1218 4394 corpus
1242 4327 1422 4394 procerum,
1445 4304 1564 4368 decora

274 4415 383 4498 facies,
407 4415 463 4480 sed
486 4414 600 4501 procul
618 4417 761 4499 gravitas
777 4437 901 4480 morum
917 4424 974 4479 aut
989 4413 1191 4500 voluptatum
1208 4412 1413 4498 parsimonia,
1438 4407 1560 4471 lenitati

272 4539 311 4582 ac
332 4518 589 4601 magnificentiae
612 4529 644 4583 et
661 4517 835 4604 aliquando
858 4516 939 4582 luxu
962 4514 1151 4600 indulgebat
1177 4514 1428 4588 Tuc.n.15,48.
1474 4507 1562 4570 ‘Piso

273 4618 389 4684 bouus'
421 4618 627 4704 praedicatur
660 4621 745 4684 inter
778 4619 923 4684 homines
956 4620 1072 4682 aetatis
1102 4616 1313 4683 Claudiorum
1347 4609 1496 4677 liberales
1529 4611 1562 4671 in

273 4721 394 4786 amicos
409 4721 551 4786 Iurenul.
567 4725 672 4798 5,114
687 4723 728 4804 cs.
747 4721 896 4786 Martini.
912 4727 940 4798 4,
956 4726 1006 4796 40,
1022 4725 1060 4798 1;
1074 4725 1126 4796 12,
1142 4723 1191 4794 36,
1206 4721 1236 4781 8.
1276 4717 1350 4782 Piso
1367 4711 1563 4798 Calpurnius

273 4824 409 4910 antiqua
428 4823 559 4898 familia,
586 4825 731 4889 scaenico
754 4823 867 4888 habitu
886 4823 1071 4906 tragoedius
1089 4820 1235 4886 actitavit
1249 4819 1303 4901 (cf.
1324 4819 1396 4882 Tac.
1413 4838 1442 4878 0.
1459 4819 1507 4885 15,
1524 4817 1562 4876 65

273 4926 351 4990 Piso
369 4927 490 5008 tragico
510 4935 626 4990 ornatu
641 4926 801 5008 canebat),
826 4926 859 4990 in
882 4923 1138 4990 latrunculorum
1160 4920 1234 4986 lusu
1257 4931 1322 4984 taur
1346 4917 1507 5004 perfectus
1531 4926 1563 4981 ct
