3818 5620
337 343 486 416 isnurs
984 349 1047 416 164
1544 347 1695 415 lanum

405 562 436 636 8,
452 561 554 638 6:13,-
575 556 708 624 Asinius
724 556 871 642 Vergilio
887 555 1113 622 Alexandrum
1127 577 1265 643 puerum
1280 549 1425 640 donavit,
1441 579 1536 642 quem
1551 545 1696 622 secunda

404 661 515 747 ecloga
529 661 650 727 Alexin
673 659 816 747 appellat
833 661 887 727 uit.
912 659 1003 744 Vera.
1014 681 1050 743 p.
1062 663 1106 726 57
1114 659 1156 724 R.
1178 659 1219 742 cf.
1240 658 1328 725 Serv.
1346 657 1390 723 66
1411 657 1525 742 Ver-qil.
1542 658 1596 724 ccl.
1612 663 1646 736 2,
1664 663 1694 734 1,

402 763 501 847 Aput.
524 763 646 848 apotoy.
669 769 720 830 10.
770 765 810 829 In
842 764 921 828 viris
955 761 1159 848 principibus
1193 763 1239 826 rei
1274 760 1440 847 publicae,
1480 763 1536 847 qui
1565 761 1694 827 Horatii

403 867 548 932 carmina
570 865 795 952 probaverant,
819 877 1017 931 memoratur
1037 865 1154 931 Horat.
1177 870 1238 930 sat.
1260 869 1289 942 1,
1313 869 1363 942 19,
1390 867 1431 931 85
1436 885 1447 942 ;
1473 865 1630 930 Horatius
1652 863 1695 928 ad

405 992 478 1034 eum
502 970 631 1054 scripsit
653 991 783 1036 carmen
806 975 839 1047 2,
856 975 885 1034 1.
922 968 1038 1034 Ateius
1060 969 1288 1034 Praetextatus
1312 966 1349 1034 C.
1367 959 1519 1034 Sallustio
1542 966 1696 1031 dehincto

405 1076 479 1137 e'um
507 1071 756 1140 familiarissimo
786 1071 887 1138 coluit
916 1083 948 1138 et
976 1093 1166 1157 aggressum
1198 1071 1349 1136 historias
1380 1091 1571 1156 componere
1603 1089 1695 1154 prae·

404 1177 505 1262 ceptis
535 1176 575 1242 de
608 1179 732 1242 ratione
764 1173 926 1241 scribendi
957 1175 1039 1240 iuvit
1068 1173 1197 1240 Sueten.
1223 1195 1357 1256 gruum.
1384 1179 1435 1238 10.
1485 1168 1696 1254 Timagenem

406 1277 615 1346 historiarum
641 1279 847 1364 scriptorem,
879 1299 1076 1364 quamquam
1097 1269 1265 1361 Augustus
1293 1269 1325 1342 ei
1348 1275 1442 1341 domo
1472 1274 1696 1355 interdixerat,

406 1383 439 1445 in
469 1379 718 1446 contubernium
747 1384 869 1468 recepit
896 1382 1017 1447 Serreca
1044 1379 1123 1446 dial.
1144 1385 1174 1458 5,
1198 1385 1251 1458 23,
1274 1383 1350 1446 5-8.
1394 1377 1527 1445 Aufusti
1558 1376 1697 1459 (abaesti

405 1482 482 1548 fusti
513 1483 665 1567 traditu)
699 1485 900 1568 grammatici
934 1481 1018 1548 liber
1048 1481 1179 1568 quidam
1213 1482 1443 1566 grammaticus
1476 1479 1517 1544 ad
1548 1478 1698 1544 Asinium

407 1583 586 1651 Pollionem
609 1588 728 1652 citatur
750 1585 894 1652 Grcnrm.
914 1587 989 1651 Lat.
1013 1583 1198 1668 1711635.

472 1688 628 1754 Strictum
645 1691 713 1755 eius
733 1699 765 1755 et
783 1691 879 1755 nimis
894 1710 1047 1776 asperum
1062 1688 1217 1753 iudicium
1235 1687 1356 1754 Seneca
1371 1691 1507 1752 controv.
1523 1690 1543 1749 4
1556 1684 1699 1768 666663

408 1791 449 1873 cf.
473 1790 561 1856 Ptin.
583 1813 615 1857 n.
638 1792 667 1860 6.
692 1798 742 1870 36,
766 1797 816 1861 33.
859 1792 989 1858 Iudicia
1017 1793 1101 1857 6666(
1129 1788 1264 1855 Asinius
1291 1791 1324 1854 in
1345 1789 1513 1854 Valerium
1536 1786 1699 1852 Catullum

408 1895 527 1958 citatur
543 1889 667 1963 cnara
685 1895 829 1964 Graium.
845 1896 919 1962 Lot.
931 1891 956 1960 I
966 1917 1003 1978 p.
1020 1899 1062 1960 97
1068 1915 1078 1973 ,·
1092 1893 1133 1958 (16
1150 1892 1297 1960 Caesaris
1314 1892 1553 1958 commentariis
1569 1890 1699 1955 Sueton.

409 1997 469 2065 cliv.
487 1997 550 2062 Iul.
561 2001 602 2062 56
616 1999 658 2080 cs.
669 2003 710 2064 55
716 2019 727 2077 ;
749 1998 790 2063 de
805 1998 963 2065 Cicerone
979 1991 1100 2064 Seneca
1114 2017 1235 2062 suasu.
1249 2001 1276 2074 6,
1289 2001 1333 2062 24
1348 1997 1493 2078 66614,
1509 1992 1699 2076 Quintilian.

408 2099 481 2164 inst.
498 2105 550 2177 12,
565 2105 594 2176 1,
611 2105 673 2178 21;
694 2100 735 2164 (16
757 2101 976 2166 Patavinitate
998 2099 1085 2164 Livii
1106 2097 1295 2180 Quintilian.
1313 2099 1386 2162 inst.
1402 2103 1431 2174 1,
1447 2101 1477 2174 5,
1493 2100 1533 2162 56
1540 2116 1550 2174 ;
1571 2099 1601 2172 8,
1618 2101 1647 2172 1,
1663 2099 1702 2174 3,-

409 2201 501 2284 liber‚
525 2201 758 2288 quo'Sallustii
787 2204 908 2288 scripta
937 2200 1145 2287 reprehendit
1168 2199 1297 2266 Sueten.
1319 2219 1453 2283 pronum.
1477 2203 1520 2262 10
1547 2197 1588 2280 cf.
1617 2195 1700 2263 Geli.

409 2309 459 2382 10,
482 2309 535 2382 26,
559 2309 579 2368 1
604 2303 730 2370 ‘Asinio
757 2304 896 2370 Pollioni
927 2305 959 2369 in
990 2303 1130 2389 quadam
1160 2301 1312 2389 epistula,
1345 2323 1442 2387 quam
1471 2300 1513 2365 ad
1543 2299 1701 2364 Plancum

359 2417 363 2424 '
411 2407 556 2492 scripsit,
588 2415 620 2470 et
650 2406 846 2492 quibusdam
875 2405 947 2472 aliis
970 2405 1006 2472 C.
1032 2405 1175 2473 Sallustii
1199 2406 1318 2491 iniquis
1340 2404 1475 2487 dignum
1497 2413 1575 2467 nota
1596 2404 1701 2467 visum

412 2519 470 2574 est’
496 2513 570 2592 etc,
601 2509 721 2575 iudicia
752 2509 793 2574 de
822 2509 1004 2575 rhetoribus
1027 2505 1150 2573 Arellio
1179 2509 1285 2572 Fusco
1308 2506 1430 2574 866666
1450 2510 1701 2582 666666210,

410 2612 557 2677 Buteone
587 2611 629 2676 66.
660 2617 795 2678 controv.
824 2618 851 2690 7,
877 2617 907 2690 6,
933 2617 963 2689 3,
994 2612 1035 2693 Q.
1065 2609 1202 2676 Haterio
1234 2609 1299 2678 666.
1324 2616 1345 2675 4
1368 2605 1554 2692 6666611,
1586 2609 1701 2674 Porcio

413 2714 557 2780 Latrone
585 2713 649 2778 666.
676 2719 708 2791 2,
734 2719 764 2792 3,
790 2719 840 2792 13,
872 2714 999 2779 Triario
1028 2711 1092 2777 666.
1117 2717 1202 2790 2,3,
1224 2715 1274 2789 19,
1306 2708 1347 2774 (16
1369 2708 1530 2775 coloribus
1552 2711 1702 2776 Romanii

401 2817 583 2904 ¹Hisponis,
616 2817 749 2904 Pompei
773 2817 908 2900 Silonis,
933 2816 1034 2882 Cestii
1058 2816 1124 2898 Pii,
1155 2815 1263 2880 Porcii
1293 2813 1447 2879 Latronis
1468 2813 1534 2878 ibd.
1556 2819 1585 2890 4,
1609 2819 1637 2890 6,
1661 2813 1702 2878 (16

412 2922 533 2985 incerto
556 2919 621 2985 666.
637 2924 670 2996 2,
685 2923 716 2996 5,
733 2924 791 2998 19;
816 2917 972 2985 laudabat
993 2917 1168 2986 sententias
1192 2915 1321 2981 Albucii
1346 2915 1403 2982 Sili
1426 2915 1490 2981 666.
1516 2921 1537 2981 7
1548 2917 1658 2999 praef.
1680 2921 1705 2982 2

413 3032 445 3088 et
467 3022 556 3087 Vibii
576 3021 650 3087 Rufi
672 3021 736 3088 666.
751 3026 781 3100 9,
798 3027 832 3100 2,
849 3023 902 3090 25.

477 3125 574 3191 Circa
594 3149 624 3192 a.
641 3125 702 3190 139
718 3126 751 3189 in
767 3122 966 3190 carminibus
982 3123 1163 3211 pangendis
1178 3131 1326 3188 versatus
1341 3132 1398 3204 est,
1423 3123 1552 3208 scripsit
1569 3121 1704 3208 ‘Sopho-

333 3235 335 3242 '
412 3227 481 3293 cleo
504 3229 649 3292 carmina
670 3228 770 3311 digna
792 3227 961 3294 cothurno'
988 3225 1102 3310 Vergil.
1126 3224 1179 3290 661.
1199 3228 1231 3304 8,
1255 3225 1298 3290 10
1327 3221 1397 3304 (ubi
1420 3223 1549 3289 Seruius
1572 3223 1706 3289 6666666

416 3329 482 3395 ‘alii
510 3329 580 3395 ideo
611 3329 672 3395 boc
701 3330 742 3395 (16
772 3329 917 3397 Pollione
946 3330 1069 3395 dictum
1097 3327 1224 3411 volunt,
1255 3326 1343 3414 quod
1373 3337 1406 3390 et
1435 3329 1505 3413 ipse
1535 3328 1705 3412 utriusque

415 3433 546 3516 linguae
564 3432 804 3516 tragoediarum
820 3434 957 3519 scriptor
972 3429 1056 3515 fuit',
1080 3431 1116 3496 66
1129 3430 1213 3514 quod
1227 3452 1265 3496 66
1279 3449 1433 3513 percura
1447 3430 1706 3514 interpretatione

413 3537 479 3619 ipsi
497 3535 673 3601 6666166666
692 3534 860 3620 videntur),
891 3537 931 3619 cf.
954 3535 1009 3601 ecl.
1030 3539 1062 3613 3,
1083 3537 1125 3600 86
1147 3533 1264 3600 ‘Pollio
1286 3544 1319 3598 et
1341 3535 1410 3618 ipse
1430 3533 1509 3597 facit
1530 3553 1615 3598 nova
1637 3555 1706 3597 car-

414 3640 534 3720 mina'3
558 3637 661 3704 Pollio
685 3657 796 3722 regum
819 3639 907 3704 facta
929 3639 1016 3704 canit
1037 3637 1120 3724 pede
1141 3648 1191 3703 ter
1205 3658 1358 3724 percusso
1375 3636 1430 3721 (=
1443 3655 1534 3700 66666
1551 3636 1705 3720 trimetro)

415 3741 532 3809 Horat.
551 3747 611 3807 sut.
635 3746 664 3820 1,
688 3746 738 3820 10,
760 3747 822 3821 42;
852 3740 1003 3806 historias
1026 3739 1168 3806 scribere
1190 3760 1362 3823 aggressus
1384 3737 1567 3822 tragoedias
1586 3738 1707 3803 abiecit

416 3844 533 3912 Horat.
556 3865 653 3910 curm.
676 3849 871 3923 2,1,9-13.
917 3845 1099 3909 Pacuvium
1127 3854 1159 3909 et
1187 3843 1324 3908 Accium
1350 3841 1525 3925 tragoediis
1548 3841 1707 3928 expressit

421 3949 494 4014 Tac.
511 3947 587 4015 6661.
599 3952 652 4014 21.
675 3947 770 4013 Lusit
786 3950 880 4013 etiam
895 3945 1063 4013 versiculis
1079 3947 1207 4012 eroticis
1219 3944 1306 4010 Ptin.
1319 3945 1408 4028 aput
1419 3947 1449 4021 5,
1462 3948 1524 4021 3,5
1539 3945 1581 4026 cs.
1594 3948 1623 4020 7,
1634 3949 1664 4019 4,
1675 3949 1705 4008 4.

336 4101 340 4108 .
481 4049 602 4115 Orator
615 4048 814 4116 clarissimus
830 4049 1106 4133 Vettonianus,
1124 4047 1300 4115 Columella
1310 4053 1330 4112 1
1336 4047 1444 4132 praef.
1453 4051 1503 4124 30,
1517 4046 1704 4128 Quintilian.

417 4157 471 4232 12,
490 4157 538 4230 11,
556 4156 610 4231 28,
633 4153 719 4219 Ptin.
737 4175 769 4219 n.
785 4154 815 4222 b.
835 4157 949 4232 7,115,
977 4153 1050 4220 Tac.
1075 4151 1152 4217 6666.
1171 4155 1291 4230 12.17,
1314 4171 1388 4217 aun.
1404 4153 1453 4226 11,
1468 4154 1496 4217 6.
1511 4154 1540 4226 7,
1567 4151 1706 4232 ‘insigne

417 4257 548 4321 maestis
570 4256 767 4342 praesidium
790 4257 864 4321 reis'
888 4255 1006 4322 Horat.
1031 4275 1128 4320 carm.
1151 4259 1184 4332 2,
1201 4259 1230 4332 1,
1246 4259 1276 4320 9.
1316 4252 1422 4318 Multa
1443 4255 1474 4317 in
1498 4251 1612 4316 Asinio
1633 4250 1705 4317 Pol-

416 4359 502 4424 lione
523 4360 669 4424 invcntio
692 4381 818 4424 summa
841 4357 1009 4443 diligentia
1030 4357 1085 4442 (cs.
1103 4357 1233 4434 66619,
1256 4362 1289 4434 2,
1312 4361 1357 4423 25
1363 4375 1374 4435 ;
1395 4361 1448 4434 12,
1468 4360 1516 4433 19,
1539 4359 1602 4441 11),
1624 4354 1705 4420 adeo

419 4470 455 4527 ut
470 4460 663 4548 quibasdam
676 4463 773 4528 etiam
788 4463 889 4526 nimia
902 4460 1062 4544 videatur,
1079 4470 1112 4525 et
1126 4459 1252 4524 consilii
1274 4469 1306 4524 66
1321 4457 1420 4523 animi
1444 4459 1539 4542 satis,
1562 4481 1582 4523 a
1603 4459 1707 4523 nitore

380 4570 384 4578 '
419 4575 452 4630 et
467 4565 666 4630 iucunditate
682 4565 847 4632 Ciceronis
866 4567 911 4630 ita
932 4563 1030 4648 longe
1051 4563 1153 4647 abest,
1177 4572 1214 4626 ut
1227 4561 1333 4626 videri
1349 4562 1449 4647 possit
1458 4560 1596 4640 saeculo
1619 4561 1707 4646 prior

416 4667 603 4749 Quintilian.
618 4667 691 4735 inst.
706 4673 756 4745 10,
772 4671 894 4746 1,113;
916 4669 1000 4733 inter
1015 4666 1184 4731 Menenios
1199 4674 1232 4729 et
1248 4665 1373 4750 Appios
1396 4662 1557 4728 studuisse
1578 4663 1709 4728 videtur

419 4770 462 4855 (66
488 4770 543 4852 qui
570 4771 605 4836 in
635 4769 759 4854 dialogo
786 4791 853 4836 rern
880 4770 1089 4835 recentiorum
1118 4767 1279 4851 66666666),
1309 4767 1490 4832 Pacuvium
1519 4775 1551 4831 et
1572 4764 1708 4831 Accium

403 4875 516 4938 ,etiam
539 4874 737 4939 orationibus
764 4874 830 4938 suis
860 4874 1021 4958 expressit
1047 4873 1120 4938 Tac.
1145 4869 1221 4936 dial.
1244 4873 1288 4936 21
1294 4890 1305 4948 ;
1335 4870 1523 4956 compositio
1554 4868 1709 4934 Pollionis

419 4972 583 5042 salebrosa
603 4986 636 5042 et
660 4976 794 5042 exiliens
818 4976 939 5042 866666
960 4975 1050 5060 epist.
1072 4980 1142 5042 199.
1169 4978 1196 5041 7.
1221 4977 1250 5040 9.
1290 4972 1412 5039 Versus
1438 4982 1607 5060 poetarum
1629 4973 1709 5037 anti-
