3732 5630
293 295 447 351 svmlvs
943 283 1003 349 188
1476 331 1481 338 .
1496 288 1647 343 svmlvs

357 491 480 556 videtur
495 490 690 556 Heliodorus
713 489 934 577 philosophus,
959 511 1053 574 quem
1069 487 1258 554 Hadrianus
1282 489 1315 551 in
1338 508 1466 551 summa
1486 482 1648 550 familiari-

359 604 424 659 tate
449 594 563 660 habuit
588 595 642 660 oit.
672 593 842 660 Hadriam
870 598 920 670 16,
950 599 1010 671 10,·
1038 615 1137 678 quem
1167 592 1251 657 idem
1281 593 1505 658 famosissimis
1533 590 1648 655 litteris

358 697 521 763 lacessivit
542 697 607 762 ihd.
630 701 679 774 15,
700 701 731 763 5.
755 734 795 744 -
818 698 918 762 Pater
939 695 1051 761 Avidii
1075 694 1178 762 Cassii
1201 695 1269 762 Dio
1291 701 1340 774 71,
1360 702 1419 762 22.

421 801 463 866 16
484 801 550 864 cita
565 800 678 864 Auidii
696 798 803 865 Cassii
823 804 842 864 1
864 799 1021 863 traditur:
1043 797 1184 863 Avidius
1199 797 1332 864 Cassius
1351 835 1391 845 —
1408 820 1507 862 —ex
1528 794 1650 860 familia

358 903 543 969 Cassiorum
567 901 667 967 fuisse
689 901 819 984 dicitur,
842 923 902 988 per
924 911 1057 966 matrem
1078 913 1194 986 mmon,
1217 901 1343 967 homine
1364 903 1437 986 (om.
1454 901 1543 986 libri)
1565 920 1648 963 novo

356 1007 485 1090 genitus
504 1004 624 1070 Avidio
641 1007 773 1086 Severo,
797 1005 853 1090 qui
878 1003 1008 1068 ordines
1024 1004 1163 1070 duxerat
1185 1017 1217 1070 ct
1237 1015 1310 1091 post
1327 1004 1369 1069 sd
1389 1025 1530 1069 summas
1545 1002 1648 1088 digni-

358 1120 438 1174 tates
469 1118 679 1194 perveneram
709 1109 801 1172 cuius
832 1107 1020 1188 Quadratus
1050 1109 1084 1173 in
1114 1108 1256 1174 historiis
1284 1109 1434 1174 meminit
1462 1108 1648 1195 etquidem

357 1213 510 1294 graviter,
535 1233 609 1276 cum
632 1210 721 1274 illum
744 1232 905 1275 summum
928 1211 1035 1276 virum
1061 1222 1093 1277 et
1115 1213 1331 1276 necessarium
1353 1213 1400 1276 rei
1424 1211 1574 1298 publicae
1595 1209 1648 1275 ad-

357 1316 435 1380 serit
456 1323 489 1378 et
511 1313 598 1400 apud
627 1315 733 1399 ipsum
755 1313 901 1378 Marcum
934 1313 1174 1400 praevalidum
1205 1337 1280 1378 nam
1309 1315 1373 1380 iam
1404 1337 1441 1379 eo
1471 1315 1650 1401 imperante

357 1419 479 1504 perisse
509 1416 598 1481 fatali
629 1426 715 1480 sorte
738 1415 937 1502 perhibetur.
981 1417 1072 1482 Haeo
1095 1419 1201 1482 omnia
1221 1417 1346 1483 nullam
1365 1421 1526 1483 merentur
1546 1417 1648 1502 fidem,

357 1521 470 1603 quippe
492 1541 572 1603 anre
601 1518 730 1584 eundem
758 1521 889 1601 sapiant
914 1519 1077 1597 rhetorem,
1107 1520 1163 1602 qui
1190 1525 1257 1585 tota
1287 1520 1346 1585 illa
1369 1521 1436 1584 uita
1458 1519 1648 1596 hariolator,

355 1645 453 1704 neque
474 1623 575 1706 r'pitar
598 1623 743 1687 ‘Severo‘
769 1623 804 1686 in
828 1621 948 1708 ‘Syro’,
979 1627 1015 1687 nt
1038 1624 1209 1706 proposuit
1237 1622 1433 1706 Hirschfeld,
1464 1622 1649 1687 niutaudum

356 1727 425 1802 erit,
443 1746 482 1790 ne
497 1725 695 1808 corripamus
710 1730 869 1790 auctorem
888 1725 991 1810 inepte
1007 1729 1133 1792 ommno
1147 1727 1183 1791 in
1204 1727 1384 1792 nominihus
1399 1727 1547 1811 propriis
1569 1725 1650 1791 tmi-

355 1829 512 1912 ficantem.

294 1931 375 1998 1169
400 1941 429 1998 C.
448 1939 600 1995 Avlnlvs
617 1938 795 1994 NIGRINVS
814 1935 1009 1996 nientorutur
1030 1931 1066 1996 in
1084 1931 1175 1998 titulo
1190 1929 1346 2014 Delphico
1363 1931 1500 2016 bilinpui
1516 1932 1653 1998 111567

358 2065 398 2087 z
419 2033 501 2099 CIG
528 2038 605 2098 1711
627 2033 671 2116 (1)
695 2038 723 2096 et
747 2035 780 2096 in
803 2038 824 2096 t.
848 2033 955 2097 liberti
975 2033 1064 2117 tiliae
1085 2033 1122 2100 X
1140 2038 1223 2099 6766
1245 2035 1292 2122 (2)
1315 2033 1495 2102 Antiatium

421 2137 457 2202 C.
474 2135 613 2201 Avidius
629 2136 824 2220 Nigrinus-t.
841 2141 869 2212 1,
885 2136 993 2201 eadem
1006 2139 1137 2201 nentina
1153 2137 1331 2220 procedunt
1353 2159 1390 2202 ee
1413 2143 1434 2202 t.
1457 2143 1496 2203 2:
1517 2136 1555 2206 C.
1572 2136 1650 2202 Avi·

359 2239 430 2304 dius
453 2238 593 2304 Avidiae
614 2237 762 2303 Plautiae
783 2238 911 2321 Nigrini
942 2238 1028 2303 filiae
1056 2238 1209 2323 libertus,
1239 2260 1309 2304 arm
1330 2245 1439 2306 uotum
1459 2242 1503 2306 sn
1524 2239 1652 2306 laetos

355 2342 498 2406 mulieris
527 2343 695 2423 sumpsisse
718 2342 828 2424 patris
848 2347 1010 2424 patronae
1031 2363 1143 2408 naum
1169 2342 1365 2426 pentilier'nm
1387 2346 1416 2408 et
1439 2362 1650 2426 mammem

358 2443 498 2508 Avidius
520 2442 676 2526 Nigrinus
699 2442 850 2521 Plinius,·
872 2443 1028 2526 Nigrinus
1050 2446 1104 2508 uit.
1127 2443 1302 2512 Hadriani.

422 2545 571 2632 Epistula
587 2546 764 2610 Domitiani
785 2545 827 2610 ad
843 2545 999 2612 Avidium
1015 2547 1188 2630 Nigrinum
1210 2547 1437 2633 proconsulem
1460 2552 1651 2614 memoratur

356 2648 444 2714 Ptin.
468 2650 557 2732 epist.
581 2649 625 2714 ad
650 2649 783 2716 Trar'an.
805 2653 854 2714 65.
877 2654 926 2726 66,
952 2650 1010 2716 uhi
1034 2671 1073 2714 en
1094 2655 1239 2715 contentu
1259 2651 1328 2715 aeri
1347 2651 1449 2716 simile
1472 2655 1518 2715 est
1541 2649 1653 2734 Nipri·

355 2773 431 2815 num
453 2752 636 2834 praefuisse
657 2753 845 2836 prosumiae
876 2752 974 2817 alieni
1004 2753 1168 2818 orientalis
1195 2755 1305 2836 partis
1339 2755 1481 2838 imperii,
1513 2755 1650 2836 fortasse

357 2855 511 2920 Achaiae.
557 2855 700 2939 Legatns
723 2855 864 2938 Augusti
887 2877 946 2940 pro
972 2878 1020 2941 pr.
1044 2860 1065 2921 t.
1085 2861 1115 2932 1,
1144 2858 1205 2938 qui·
1219 2857 1389 2922 sententias
1412 2855 1493 2920 duas
1515 2857 1651 2921 contient

355 2979 490 3039 enarum
511 2979 609 3022 uuam
630 2958 786 3041 Nigrinus
816 2980 858 3022 ex
887 2961 976 3022 iussu
999 2959 1109 3044 optimi
1139 2960 1295 3044 principis
1319 2957 1360 3022 de
1388 2958 1502 3023 finium
1525 2969 1648 3023 contro·

357 3063 471 3126 versiis
495 3061 579 3125 inter
594 3060 739 3146 Delphos
762 3069 794 3125 et
811 3060 1044 3145 Anticyrenses
1065 3062 1219 3126 finitimos
1232 3061 1281 3126 Vl
1304 3060 1375 3125 idus
1398 3059 1531 3127 Octobr.
1553 3059 1649 3126 Eleu-

357 3164 426 3227 sine
449 3163 548 3228 latine
570 3162 657 3241 tulit,
683 3162 817 3227 alteram
837 3184 950 3246 praece
972 3163 1057 3250 πρ(ὸ)
1080 3161 1099 3229 ι’
1122 3161 1198 3228 Kal.
1222 3161 1371 3250 Ὀκτωβρ.
1393 3162 1434 3227 de
1456 3161 1596 3248 Delphis
1618 3174 1651 3227 et

358 3263 662 3350 Amphissensibus3
689 3265 812 3331 decreto
841 3266 942 3330 latino
964 3267 1171 3349 praescripta
1200 3272 1273 3330 sunt
1301 3267 1432 3331 nomina
1456 3266 1553 3350 lepati
1575 3286 1650 3330 6636

356 3373 452 3435 sento.
473 3369 560 3450 Quas
570 3369 741 3432 sententias
752 3390 812 3450 quo
824 3369 894 3432 iure
907 3367 1023 3444 tulerit,
1034 3389 1154 3450 param
1167 3367 1280 3449 tripuet5
1293 3369 1421 3433 missum
1434 3387 1498 3433 esse
1514 3369 1649 3451 leputnm

357 3475 390 3537 in
406 3471 564 3535 deliniam
580 3469 624 3533 ad
639 3471 850 3534 ordinandum
871 3470 918 3534 oet
941 3471 1161 3554 corripendum
1183 3475 1301 3535 statum
1321 3491 1429 3535 rerum
1444 3471 1650 3554 publicarum

358 3575 488 3640 coniecit
501 3573 678 3637 Mansuram
694 3571 768 3638 CIL
784 3572 851 3638 ΙΙΙ
853 3595 889 3654 p.
903 3577 973 3640 107.
998 3572 1185 3638 Consularis
1200 3575 1253 3640 uit.
1269 3573 1437 3638 Hadriam
1452 3579 1479 3651 7,
1495 3578 1525 3650 3,
1543 3573 1650 3639 66666

357 3675 507 3756 suffectus
528 3676 627 3758 ipitur
650 3695 733 3739 anno
756 3676 874 3738 incerto
896 3675 1486 3740 36666166666636661166666ίὶ3.
1520 3675 1651 3760 Nigrini

359 3779 500 3862 insidias,
523 3800 603 3864 quas
627 3777 679 3840 ille
702 3777 895 3842 sacrificanti
917 3776 1086 3842 Hadriano
1108 3777 1237 3841 conscio
1259 3777 1323 3842 sibi
1341 3778 1439 3842 Lusio
1456 3777 1603 3861 (Quieto)
1620 3788 1651 3842 et

357 3880 466 3946 multis
496 3880 567 3944 aliis
598 3889 788 3965 paraverat,
819 3901 892 3943 cnm
922 3881 1018 3944 etiam
1048 3900 1267 3943 successorem
1299 3879 1489 3944 Hadrianus
1522 3881 1651 3946 sibimet

362 3983 561 4066 destinasset,
586 3982 704 4064 evasit3
728 4003 830 4067 quare
846 4019 885 4028 -
904 4021 942 4028 —
958 3981 1113 4064 Nigrinus
1136 3983 1314 4047 Faventiae
1338 4019 1376 4028 —-
1392 4019 1434 4029 -
1456 3984 1554 4048 occisi
1577 3992 1652 4049 sunt

359 4085 549 4171 (6666118)
572 4086 636 4150 ihd.
660 4090 689 4162 7,
712 4089 791 4151 1-2.

424 4188 490 4271 (L.)
513 4187 665 4252 Ceionius
689 4186 885 4252 Commodus
908 4188 975 4271 (qui
991 4192 1105 4270 postea
1122 4187 1161 4252 L.
1176 4185 1289 4252 Aelius
1309 4185 1431 4252 Caesar
1451 4192 1652 4270 nuncupatus

357 4295 413 4376 est)
436 4311 537 4374 gener
559 4290 688 4370 Nigrini
710 4289 908 4354 insidiatoris
928 4289 1090 4374 quondam
1115 4288 1274 4354 Hadriani
1298 4288 1416 4354 dicitnr
1438 4289 1503 4354 ihd.
1519 4295 1572 4366 23,
1594 4297 1651 4369 16;

359 4391 480 4456 Avidis
502 4390 632 4456 Plautia
655 4390 690 4456 C.
714 4390 825 4455 Avidii
847 4392 976 4475 Nigrini
1005 4391 1088 4475 filia,
1119 4393 1218 4455 amita
1246 4391 1284 4458 L.
1308 4391 1386 4456 Veri
1409 4393 1551 4474 Augusti
1575 4397 1597 4457 t.
1618 4399 1650 4476 2,

358 4515 448 4560 soror
470 4516 543 4578 erpo
565 4495 629 4576 fnit
651 4495 688 4562 L.
711 4493 834 4560 Ceionii
857 4493 1021 4560 Commodi
1041 4500 1070 4559 et
1092 4495 1221 4559 uterina
1240 4493 1374 4576 quiderm,
1399 4515 1470 4559 cum
1489 4493 1544 4559 nu
1566 4494 1653 4578 filius

358 4603 435 4662 esset
460 4598 498 4665 L.
527 4595 650 4662 Ceionii
676 4596 839 4662 Commodi
867 4595 1005 4661 eonmlis
1034 4601 1156 4672 6166,
1187 4597 1235 4660 ita
1261 4602 1298 4661 ut
1325 4601 1460 4661 matrem
1489 4598 1653 4680 utriusque

356 4701 498 4783 primma
521 4700 559 4767 L.
589 4697 718 4764 Ceionio
745 4698 912 4764 Cornruode
942 4700 1015 4783 (663.
1041 4699 1175 4780 6166),
1209 4697 1320 4763 deinde
1344 4699 1483 4781 Niprino
1508 4700 1653 4782 nrapsisse

358 4801 558 4868 statuendum
586 4801 637 4867 sit.
690 4801 888 4882 6666666666
920 4823 982 4882 per
1012 4821 1045 4866 se
1072 4802 1155 4883 poni
1179 4805 1285 4882 potest
1316 4799 1447 4864 Aelium
1481 4799 1651 4866 Caesarem

359 4906 455 4970 etiam
482 4926 630 4989 penarum
660 4904 794 4986 Niprim
821 4903 919 4984 fuisse
948 4907 977 4967 et
1005 4901 1108 4986 filiam
1137 4901 1230 4966 huius
1256 4923 1293 4966 en
1314 4902 1516 4968 matrimonio
1540 4904 1653 4986 priore
