3732 5622
188 347 398 404 CORNELIVS
834 340 897 405 469
1349 350 1541 408 conanum

250 543 453 610 bibliothecis
476 545 638 611 conlocari
661 547 763 630 iussit,
792 567 874 610 neve
896 545 1053 614 lectorum
1075 549 1200 616 incuria
1224 549 1396 636 deperiret,
1419 547 1541 614 librum

248 670 307 734 per
335 671 437 714 annos
468 649 611 732 siugnloe
634 649 741 714 decies
768 649 864 714 scribi
895 649 1072 736 publicitus
1096 649 1223 716 *euieos
1249 651 1369 717 archiis
1391 653 1485 717 iussit
1506 664 1540 717 et

249 753 283 816 in
311 751 517 818 bibliothecis
547 752 623 839 poni
652 753 707 817 ait.
734 753 839 818 Tacit-i
859 757 909 829 10,
931 757 961 818 3.
1005 751 1210 819 AOornelio
1233 754 1346 820 Tacito
1379 757 1537 838 originem

249 855 368 921 ducere
398 854 503 920 voluit
530 865 563 920 et
592 853 772 938 Polemios,
810 855 992 942 praefectus
1021 858 1183 941 praetorio
1213 855 1396 924 Galliarum
1426 857 1539 926 Sidon.

248 959 356 1043 Apoll.
380 959 471 1041 epist.
493 964 523 1036 4,
546 963 595 1034 14,
619 963 648 1022 1.

313 1059 516 1126 Memoratur
536 1061 584 1126 eal
609 1062 728 1126 citatur
757 1059 886 1126 Tertuil.
910 1060 994 1144 apol.
1017 1065 1058 1127 16
1077 1091 1120 1116 =
1145 1061 1190 1127 ed
1209 1063 1331 1128 551155.
1355 1066 1384 1139 1,
1409 1067 1466 1140 11,
1497 1063 1542 1126 ad

247 1164 479 1242 551155212,
494 1165 548 1230 ait.
561 1163 736 1228 Aureliani
748 1167 782 1240 2,
794 1169 824 1240 1,
841 1162 943 1230 Probi
956 1170 989 1241 2,
1006 1169 1034 1241 7,
1054 1164 1238 1248 Hieronpm.
1255 1164 1290 1228 in
1301 1164 1441 1230 Zachar.
1455 1169 1485 1242 3,
1500 1171 1540 1230 14

248 1266 299 1332 VI
308 1289 345 1350 p.
362 1271 423 1332 913
444 1265 493 1332 ed.
515 1265 665 1342 Valtarsi,
687 1267 777 1336 Oros.
796 1273 824 1350 1,
841 1271 870 1344 5,
891 1273 929 1345 1;
950 1273 979 1344 1,
999 1271 1048 1344 10,
1071 1274 1100 1332 1.
1119 1271 1148 1334 3.
1171 1271 1210 1347 5,·
1233 1273 1261 1344 7,
1282 1272 1313 1345 3,
1335 1273 1372 1347 7;
1396 1273 1424 1345 7,
1447 1273 1478 1345 9,
1503 1272 1539 1346 7,·

248 1375 276 1446 7,
293 1374 343 1446 10,
360 1375 401 1448 4;
422 1375 450 1448 7,
467 1375 518 1448 19,
533 1375 571 1448 4;
595 1375 622 1448 7,
640 1376 694 1447 27,
713 1374 751 1448 1;
773 1375 802 1447 7,
817 1375 868 1448 34,
882 1375 913 1448 5,
934 1370 1115 1438 Cassioder.
1135 1371 1210 1436 Var.
1224 1375 1255 1447 5,
1270 1376 1303 1448 2,
1319 1370 1451 1436 Iordan.
1467 1369 1537 1436 Get.

245 1478 343 1550 2,13,
366 1473 477 1540 Sidon.
497 1473 641 1557 Apotlr'm
666 1474 755 1556 epist.
777 1478 808 1552 4,
823 1478 881 1551 22,
896 1480 930 1551 2,
953 1495 1050 1540 carm.
1070 1479 1202 1552 2,192;
1223 1479 1362 1552 23154,
1383 1473 1540 1539 55115151

246 1577 354 1641 quen.
379 1581 413 1653 2,
437 1581 565 1654 99,·14,
589 1582 663 1654 102,
695 1575 782 1642 Sera.
805 1577 1033 1654 aenaeae,
1065 1582 1176 1642 auctor
1205 1577 1338 1661 ringitur
1368 1575 1537 1642 Cornelius

245 1680 380 1744 Tacitus
401 1677 484 1744 libro
506 1678 697 1744 facetiarum
719 1677 867 1761 Futpent.
884 1700 920 1762 p.
936 1683 998 1744 183
1019 1677 1065 1746 ad.
1089 1679 1256 1745 Munetrer.

389 1779 476 1834 Verba
488 1779 612 1834 Tasitia
624 1782 651 1844 2,
663 1784 695 1834 61
710 1796 779 1847 quae
796 1795 882 1848 aupm
900 1782 1042 1835 attulimus
1060 1780 1200 1850 referenda
1217 1780 1328 1835 551551
1344 1779 1537 1850 eupedrtionem

320 1883 338 1920 5
352 1865 477 1922 Cornelio
489 1865 589 1920 Patara
602 1871 754 1934 susceptam
766 1866 1040 1934 emancipatae
1053 1883 1135 1934 posse
1148 1871 1213 1934 post
1228 1883 1253 1920 a.
1266 1869 1321 1922 108
1338 1867 1432 1936 [imaro
1445 1883 1470 1918 a.
1483 1869 1538 1920 106

320 1954 354 2020 cs.
362 1967 450 2018 supra
458 1951 577 2020 a.1155]
590 1950 1344 2006 5515111555511115551515111515115511551555115111)αώ
1355 1955 1430 2006 1887
1438 1955 1537 2020 p.147,

318 2037 455 2103 animare
472 2037 596 2092 Rubrum
615 2036 769 2104 5551101511
787 2037 899 2092 Tacitus
917 2038 1009 2092 riuum
1027 2039 1176 2092 Arabicum
1193 2038 1330 2106 inteltepit.
1366 2036 1537 2107 Quamquam

319 2138 395 2174 mare
411 2121 539 2176 Rubrum
556 2121 595 2188 (id
613 2128 651 2175 est
668 2137 784 2176 oceanus
797 2122 922 2190 Indicus)
941 2123 972 2176 in
990 2121 1061 2176 duos
1079 2121 1220 2176 dividitur
1237 2121 1325 2188 sinus,
1343 2119 1489 2176 Persicum
1508 2125 1537 2174 51

318 2205 482 2274 Arabicum,
500 2213 531 2262 ut
547 2207 673 2262 aitPiin.
687 2225 717 2260 a.
731 2208 793 2272 uc,
806 2212 871 2272 108,
888 2214 977 2262 tamen
994 2208 1069 2278 apud
1087 2207 1211 2264 Tacitum
1228 2225 1300 2262 utare
1314 2207 1440 2262 Rubrum
1459 2208 1536 2261 irael-

317 2293 453 2362 lepeadum
475 2309 531 2347 esse
553 2294 644 2347 sinum
668 2292 810 2348 Persium
833 2300 949 2362 apparet
967 2310 1000 2348 ea
1023 2295 1110 2350 551515
1134 2294 1192 2348 aus
1212 2297 1301 2362 a.14,
1319 2295 1363 2349 25.
1399 2294 1488 2362 Atque
1505 2311 1537 2347 ea

317 2379 500 2446 interpretatio
517 2379 691 2447 maturatur
708 2380 905 2446 contuentibus
922 2381 1003 2434 nabis
1024 2379 1103 2434 rerba
1119 2377 1251 2448 Eutropii
1268 2383 1294 2444 8,
1312 2383 1344 2434 3:
1372 2375 1537 2448 (Traianus)

316 2481 406 2535 usque
423 2463 461 2518 ad
480 2463 578 2517 Indiae
595 2460 668 2516 fines
686 2467 716 2516 et
733 2480 811 2518 mare
828 2463 957 2520 Rubrum
977 2464 1099 2520 accessit
1118 2467 1204 2536 atque
1226 2463 1269 2518 ibi
1292 2467 1351 2519 tras
1369 2461 1534 2534 provincias

317 2547 387 2604 fecit
404 2549 569 2602 Armeniam
587 2546 736 2618 Assyriam
754 2547 997 2620 Mesopotamiam,
1015 2555 1048 2619 es.
1062 2550 1129 2620 Rus.
1141 2550 1216 2604 Fest.
1230 2554 1282 2606 20:
1301 2549 1332 2603 in
1350 2549 1421 2602 mari
1438 2548 1535 2604 Rubro

318 2635 437 2690 classem
456 2635 590 2688 instituit.

185 2743 262 2808 1201
288 2740 460 2807 Cornelius
475 2741 634 2822 Titianus,
658 2741 781 2804 amicus
804 2740 913 2821 Plinii,
936 2741 990 2826 qui
1013 2739 1055 2804 ad
1076 2761 1151 2805 eum
1173 2741 1304 2826 scripsit
1325 2740 1413 2822 epist.
1430 2745 1459 2816 1,
1476 2744 1535 2816 17;

246 2844 328 2910 aaa
348 2843 473 2908 ridetur
493 2845 652 2926 Titianus,
677 2843 718 2908 ad
742 2865 837 2930 quem
859 2841 950 2908 dedit
971 2844 1060 2926 epist.
1075 2847 1105 2920 9,
1120 2846 1174 2908 32.

180 2949 262 3013 1202
285 2944 456 3013 Cornelius
473 2947 614 3028 (Tuscus
621 2945 652 3027 1)
669 2946 867 3010 Mamercum
884 2944 1044 3010 Scaurum
1059 2967 1126 3009 una
1141 2965 1215 3009 cum
1232 2943 1370 3009 Servilio
1389 2966 1472 3009 anno
1490 2946 1533 3010 34

242 3051 419 3115 maiestatis
449 3048 627 3135 postulavit
653 3048 727 3114 Tac.
750 3070 780 3115 a.
803 3053 831 3124 6,
855 3052 917 3126 29,·
945 3047 1045 3113 iidem
1070 3058 1273 3112 accusatores
1297 3058 1423 3132 postca,
1456 3049 1534 3132 quia

243 3153 416 3238 pecuniam
439 3173 459 3216 a
481 3152 582 3216 Vario
605 3150 727 3234 Ligure
750 3149 945 3216 omittendae
967 3149 1137 3214 delationis
1160 3159 1329 3235 ceperant,
1354 3150 1387 3211 in
1410 3148 1532 3214 insulas

242 3253 414 3320 interdicto
437 3255 505 3338 igni
527 3265 626 3339 atque
648 3275 734 3339 aqua
755 3253 874 3318 demoti
897 3252 1167 3329 sentiacam.
1204 3250 1313 3316 Alteri
1332 3252 1401 3315 utri
1421 3273 1531 3336 capno·

240 3379 310 3422 mea
333 3356 469 3422 Tuscum
490 3358 589 3440 fuisse
612 3362 806 3439 apparatae
827 3356 929 3421 uerbis
952 3355 1089 3421 Senecae
1109 3355 1246 3419 rhetoris
1267 3373 1390 3421 suasor.
1413 3359 1445 3432 2,
1467 3360 1533 3422 22,·

243 3461 382 3525 ‘Tuscus
404 3457 459 3523 ille
482 3461 538 3544 qui
555 3459 716 3525 Scaurum
737 3459 938 3522 Mamercum
960 3495 998 3503 -
1019 3493 1060 3504 -
1082 3459 1262 3522 maiestatis
1284 3478 1377 3520 reum
1399 3457 1529 3540 fecerat,

240 3560 335 3625 bomo
351 3582 450 3647 quam
471 3561 607 3647 improbi
632 3562 730 3624 animi
749 3571 814 3625 tam
831 3559 968 3624 infelicia
985 3561 1107 3644 ingenii
1122 3558 1217 3624 dixis
1235 3559 1282 3644 (in
1304 3558 1532 3626 declamatione

238 3663 417 3745 suasmiac)
440 3671 496 3728 etc.

181 3768 260 3831 1203
283 3766 520 3851 [coemamus
543 3765 808 3848 VAIAENT1[NVS]
831 3765 1115 3848 [H]0NEST1ANVS
1137 3771 1332 3847 IVNIANVS,
1366 3763 1531 3850 [quaestor

241 3889 336 3954 prov.
352 3867 517 3952 A]cbaiae,
542 3867 824 3953 tribunusplebis,
850 3867 1000 3953 [praetor,
1024 3867 1194 3951 cu]rat(0r)
1209 3867 1360 3951 via[rum]
1385 3866 1476 3932 VIII
1494 3867 1529 3936 S.

241 3975 347 4038 18269
371 3977 392 4036 1.
408 3971 677 4036 Lambaesitanus
698 3970 836 4038 mutilus.

179 4075 259 4139 1204
281 4073 453 4139 Cornelius
483 4072 692 4153 Valerianus,
727 4083 842 4137 auctor
870 4071 968 4136 Plinii
997 4071 1038 4136 de
1067 4070 1260 4136 animalibus
1294 4083 1327 4137 et
1358 4071 1529 4138 arboribus

238 4174 328 4241 Ptin.
348 4198 380 4241 n.
403 4175 434 4241 tt.
457 4175 523 4242 iud.
547 4175 567 4242 1.
589 4179 619 4239 8.
643 4181 692 4242 10.
716 4180 764 4242 14.
789 4179 837 4252 15,
861 4177 979 4239 citatur
1001 4173 1065 4238 ibd.
1089 4179 1137 4252 10,
1160 4178 1198 4252 5,·
1220 4179 1269 4252 14,
1292 4179 1341 4240 11.
1385 4173 1530 4242 Dubium

236 4278 370 4354 uidetur,
393 4300 468 4344 utun
489 4278 573 4342 idem
594 4277 819 4360 intellependus
840 4279 882 4342 sit
897 4278 1092 4342 Valerianus
1115 4277 1178 4342 abd.
1195 4277 1260 4342 ind.
1278 4277 1298 4342 I.
1317 4282 1339 4342 3
1359 4281 1528 4354 513108.

194 4417 237 4427 -
258 4392 290 4446 Ρ.
312 4390 476 4445 LICINIVS
501 4390 711 4446 CORNELIVS
735 4389 976 4445 VALERIANVS
1000 4387 1157 4444 CAESAR.

177 4485 255 4549 1205
278 4481 451 4549 Cornelius
464 4483 567 4548 Vrsus
582 4483 642 4565 (sic
651 4482 746 4564 plene
760 4483 796 4545 in
810 4483 1014 4564 inscriptione
1032 4484 1122 4565 epist.
1131 4487 1161 4560 4,
1170 4486 1209 4560 9,·
1219 4484 1248 4558 5,
1257 4487 1309 4558 20,
1323 4487 1457 4547 ceterum
1465 4482 1527 4546 Vr·

235 4587 312 4670 sus),
330 4587 453 4650 amicus
467 4584 576 4664 Plinii,
593 4587 650 4670 qui
665 4584 707 4648 ad
723 4606 797 4648 eum
812 4586 942 4670 scripsit
957 4587 1045 4667 epist.
1060 4591 1091 4662 4,
1107 4590 1144 4662 9;
1162 4589 1191 4662 5,
1206 4589 1269 4662 20;
1283 4587 1312 4666 6,
1327 4589 1357 4648 5.
1372 4589 1430 4662 13;
1449 4587 1482 4661 8,
1496 4590 1526 4650 9.

176 4690 255 4755 1206
279 4697 471 4754 conanum
501 4687 625 4772 (aarum
644 4688 779 4770 ponitur
801 4707 828 4751 5.
852 4691 901 4751 13.
922 4686 985 4767 43),
1015 4685 1056 4749 de
1085 4687 1178 4749 cuius
1208 4697 1309 4751 morte
1338 4686 1527 4771 Propertius

236 4791 424 4858 consolatur
445 4793 597 4856 maritum
623 4790 723 4873 etcpia
743 4794 773 4866 5,
796 4795 845 4856 11.

299 4895 328 4959 E
344 4904 441 4978 geute
456 4904 592 4979 paterna
606 4893 795 4978 Scipionum
809 4913 838 4957 u.
854 4896 905 4970 30,
920 4891 992 4975 fitia
1005 4895 1041 4955 ut
1053 4889 1177 4955 uidetur
1191 4889 1229 4954 P.
1247 4888 1388 4955 Cornelii
1402 4889 1525 4972 Sepia

232 4999 284 5062 nis
306 4998 446 5064 consules
467 4995 593 5077 suffecti
610 5017 641 5064 a.
665 5000 726 5061 716
746 5025 789 5050 =
809 4999 853 5060 38
875 5016 906 5060 5.
926 4993 961 5060 0.
980 4992 1050 5058 uide
1071 5013 1171 5075 supra
1191 5013 1223 5059 n.
1238 4997 1318 5058 1174
1325 5010 1335 5070 ,·
1357 4989 1424 5055 tilia
1441 4989 1525 5056 Scri·
