3818 5620
330 352 480 409 ASINIVS
981 347 1042 411 166
1538 357 1690 413 ASINIVS

396 549 543 616 Suetonii
558 571 694 634 000000.
717 557 758 615 10
780 551 821 635 (0.
844 551 956 636 aaa)
986 553 1115 635 anerqit
1142 553 1310 634 referentis
1329 552 1462 618 Ateium
1485 551 1689 638 Philologum

398 661 471 738 post
499 663 633 718 mortem
658 652 801 718 Sallustii
824 653 867 738 (a.
884 658 950 720 720
974 683 1016 708 =
1037 653 1090 737 34)
1114 654 1292 720 Pollionem
1320 655 1457 720 coluisse
1479 667 1576 742 atque
1598 680 1690 744 prae

397 757 500 841 ceptis
529 753 700 821 rhetoricis
722 757 855 822 iuvisse.
897 756 1061 822 Historiae
1084 755 1240 822 Pollionis
1261 759 1403 824 citantur
1425 758 1546 826 Seneca
1566 779 1690 827 suasor.

395 863 425 936 6,
448 862 497 923 14.
520 862 574 924 24.
595 863 649 936 25,
679 859 793 924 tertius
823 857 1031 924 historiarum
1053 858 1135 925 libor
1158 859 1261 926 Valer.
1284 860 1423 927 Macrin.
1448 865 1479 939 8,
1502 867 1543 926 13
1572 867 1633 928 ert.
1658 870 1689 940 4,

397 961 437 1025 iis
466 962 515 1026 usi
545 971 622 1026 sunt
645 960 850 1045 Plutarchus,
873 962 1045 1050 Appianas
1075 967 1216 1048 (niaque
1243 963 1385 1028 versione
1410 985 1529 1048 praeca
1557 966 1690 1048 earnm),

398 1063 581 1146 Suetonius,
605 1062 724 1130 Strabo
747 1064 789 1147 cf.
812 1063 916 1143 Peter,
939 1064 1094 1130 Historia.
1116 1065 1253 1133 Ronran.
1276 1065 1476 1150 Frapnrenta
1491 1089 1527 1150 p.
1543 1071 1607 1134 263
1624 1089 1690 1150 sqq.

397 1165 552 1232 Pollionis
574 1168 697 1252 scripta
717 1169 880 1252 egregiam
903 1166 1007 1233 Cassii
1031 1177 1063 1232 et
1084 1169 1177 1234 Bruti
1200 1169 1386 1234 memoriam
1409 1169 1542 1235 tradunt
1564 1171 1638 1236 Tac.
1659 1194 1691 1236 a.

397 1274 427 1348 4,
445 1273 495 1335 34.
540 1267 665 1334 Auctor
686 1269 784 1335 Plinii
801 1269 890 1335 Piin.
909 1291 940 1335 n.
964 1269 994 1336 ir.
1017 1270 1083 1336 ind.
1107 1270 1127 1335 l.
1153 1277 1181 1336 7.
1223 1273 1311 1354 Quae
1334 1271 1453 1338 Snidos
1473 1293 1499 1338 s.
1522 1293 1549 1338 0.
1574 1270 1693 1346 Ἀσίνιος

399 1371 528 1438 llallar
545 1377 575 1438 et
590 1371 720 1438 llallnr
737 1373 866 1456 profert
885 1370 938 1456 (cs.
955 1374 1046 1456 infra
1061 1373 1158 1456 000),
1182 1374 1377 1456 confusionis
1394 1375 1471 1441 adeo
1492 1381 1566 1442 sant
1581 1376 1691 1459 pierre,

398 1479 434 1540 nt
453 1473 526 1540 inde
541 1495 580 1540 ne
593 1475 652 1540 lroc
665 1475 791 1558 quietern
805 1481 887 1541 reete
902 1475 1084 1542 concludere
1105 1476 1199 1542 liceat
1215 1476 1391 1543 Pollionem
1409 1479 1574 1562 scnpsase
1595 1478 1691 1544 lrrsto-

396 1578 523 1643 riarnrrr
544 1577 643 1644 libros
663 1578 887 1661 septendecim.

463 1679 636 1764 Scripsisse
658 1679 835 1746 Pollionem
865 1685 895 1746 et
915 1680 1140 1764 philosophica
1168 1681 1324 1764 quaedam
1350 1688 1486 1766 apparet
1511 1705 1549 1749 cn
1571 1683 1693 1750 Seneca

400 1783 490 1868 epist.
513 1788 585 1862 100,
609 1789 637 1848 7.
661 1789 699 1862 9,·
727 1805 803 1848 nane
825 1783 979 1850 Senecam
1000 1785 1048 1849 ilri
1066 1785 1103 1848 de
1124 1785 1334 1868 scriptoribus
1349 1786 1577 1869 philosophicis
1600 1809 1693 1870 apae

401 1907 472 1952 000
500 1907 538 1950 ea
567 1890 634 1951 tota
664 1886 801 1968 epistula
831 1892 897 1950 tana
926 1907 964 1952 en
989 1888 1202 1970 parapraplro
1229 1909 1315 1953 nona
1343 1889 1513 1954 certissime
1541 1891 1691 1973 efficitur.

402 1989 470 2055 Nec
491 1989 596 2054 minas
610 1988 786 2056 Pollionem
799 2011 867 2054 rern
877 1992 1122 2074 prarnnratiearn
1138 1995 1292 2056 tractasse
1306 2013 1345 2056 ea
1359 1991 1528 2056 Prisciano
1548 1991 1692 2059 Granrrn.

402 2095 476 2160 Lat.
498 2090 546 2156 II
560 2113 598 2174 p.
620 2096 682 2158 513
709 2093 850 2174 seqnitur
880 2102 928 2158 ‘ut
956 2091 1063 2158 Probo
1094 2103 1126 2158 et
1152 2092 1260 2179 Capro
1291 2104 1323 2158 et
1351 2092 1489 2158 Pollioni
1523 2103 1555 2159 et
1588 2093 1693 2158 Plinio

402 2195 532 2282 placet’3
548 2193 791 2260 observationes
801 2196 1032 2277 grammaticae
1044 2193 1200 2260 Pollionis
1212 2197 1393 2261 afferuntur
1406 2195 1535 2262 00000.
1550 2195 1693 2262 Gramm.

402 2300 477 2364 aar.
493 2298 519 2363 I
527 2319 565 2381 p.
581 2301 650 2375 134,
674 2296 762 2364 Serv.
786 2296 830 2362 ad
851 2297 941 2381 Vcrp.
962 2297 1044 2365 Aen.
1067 2303 1100 2375 2,
1126 2303 1161 2376 7‚·
1184 2303 1213 2376 6,
1236 2301 1313 2377 554;
1338 2304 1387 2376 11,
1404 2303 1476 2364 183.
1497 2337 1538 2346 -
1561 2300 1695 2365 Asinius

403 2409 516 2466 contra
531 2397 702 2466 maledicta
716 2399 849 2465 Antonii
866 2401 984 2465 citatur
999 2400 1129 2466 Charis.
1148 2400 1292 2466 Granrrn.
1308 2403 1381 2470 Lat.
1398 2402 1424 2467 Ι
1434 2425 1471 2486 p.
1486 2406 1547 2480 80;
1561 2401 1694 2466 Asinius

403 2503 507 2570 Pollio
529 2503 572 2568 ad
591 2501 764 2569 Caesarem
788 2503 804 2567 I
826 2502 869 2568 id.
885 2525 923 2586 p.
938 2507 1008 2568 134.
1049 2502 1153 2568 Verba
1175 2502 1331 2569 Pollionis
1353 2525 1392 2568 en
1417 2505 1545 2588 scriptis
1567 2505 1696 2568 incertis

405 2605 584 2686 afferantur
604 2605 733 2672 Charis.
754 2604 899 2670 Grarnrn.
920 2607 994 2670 Lat.
1017 2604 1043 2670 I
1054 2627 1089 2688 p.
1106 2611 1179 2682 100,
1201 2604 1363 2674 Priscian.
1380 2607 1445 2674 ibd.
1462 2607 1507 2673 ΙΙ
1516 2629 1552 2691 p.
1567 2610 1638 2672 383.
1656 2644 1693 2654 -

404 2711 529 2776 Extant
548 2706 704 2794 epistulae
726 2717 790 2773 tres
811 2707 876 2774 Cic.
897 2707 942 2774 ad
963 2707 1057 2775 Fara.
1074 2714 1124 2786 10,
1141 2712 1258 2774 31-33.

472 2813 669 2894 0000000000
692 2815 814 2878 cantat
829 2810 1004 2877 Pollionem
1023 2811 1176 2876 ln'storias
1191 2811 1294 2894 panio
1310 2816 1383 2876 ante
1399 2812 1512 2878 beilnra
1526 2812 1697 2878 Actiacam

403 2913 541 2980 scribere
568 2933 748 2997 oppressura
770 2934 851 2992 esse,
882 2919 988 2979 tarnen
1009 2914 1190 2998 Landqras,
1220 2913 1497 2999 Uniersneirnnpen
1517 2937 1556 2980 ra
1576 2915 1697 2980 Cacsar

402 3017 470 3084 000
499 3018 605 3083 seinen
637 3017 841 3084 Fortsetaern
866 3040 902 3101 p.
929 3023 970 3082 31
995 3038 1058 3100 sqq.
1090 3023 1119 3082 et
1149 3017 1298 3096 Wdlffiin
1327 3017 1612 3102 Sitrnnpsberielrte
1641 3019 1696 3084 der

405 3121 603 3188 Milaniona
617 3119 792 3185 Akadernie
810 3120 1001 3188 Piri-Hist.
1025 3121 1065 3185 K
1067 3120 1149 3186 lasse
1170 3124 1252 3186 1880
1268 3143 1305 3204 p.
1319 3125 1380 3186 310
1395 3141 1459 3204 sqq.
1481 3122 1535 3204 (es.
1551 3123 1695 3204 praefat

404 3247 441 3308 p.
463 3222 579 3288 XXII
594 3243 659 3305 sqq.
683 3223 832 3288 editionis
855 3223 943 3289 ‘belli
964 3223 1098 3305 Afriei‘,
1128 3244 1224 3306 qnam
1249 3243 1319 3289 earn
1342 3221 1530 3288 Mr'odonslri
1550 3225 1695 3307 paravit)

404 3330 584 3392 statuerant
613 3324 790 3391 Pollionem
812 3325 914 3410 panio
937 3332 1014 3409 post
1042 3326 1148 3392 Hirtii
1174 3331 1305 3391 nrortera
1334 3326 1377 3411 (a.
1401 3331 1461 3390 711
1483 3355 1526 3380 =
1546 3326 1601 3409 43)
1628 3347 1697 3391 enar

405 3428 639 3495 commertariis
666 3427 817 3493 Caesaris
846 3433 876 3493 et
897 3427 1004 3493 Hirtii
1033 3428 1070 3494 de
1097 3428 1187 3494 bellis
1214 3427 1420 3494 Caesarianis
1449 3427 1493 3493 ad
1511 3429 1607 3512 finem
1622 3449 1698 3511 per·

406 3530 555 3597 ducendis
588 3551 717 3613 operam
748 3551 881 3596 navasse
915 3536 980 3596 trena
1014 3531 1131 3596 librans
1160 3531 1198 3596 de
1225 3531 1305 3597 bello
1334 3531 1495 3613 Africano
1526 3533 1582 3613 qni
1601 3535 1699 3596 aciat

405 3635 508 3718 ipsane
537 3633 714 3716 confecisse.
763 3634 835 3714 000
863 3632 902 3698 dc
929 3655 965 3698 re
992 3653 1062 3698 carn
1090 3654 1179 3698 nemo
1209 3638 1346 3699 veterion
1366 3654 1507 3716 anciram
1527 3632 1699 3716 qnidqnam

407 3737 564 3820 capritana
585 3735 762 3813 habuisset,
793 3734 844 3800 iili
873 3757 911 3800 en
933 3735 1035 3800 trdras
1058 3733 1216 3800 Pollionis
1238 3735 1380 3818 epistolis
1395 3741 1529 3819 propter
1549 3736 1700 3800 santonis

400 3840 617 3924 proprietates
644 3838 727 3903 hane
757 3857 821 3902 esse
851 3843 1009 3903 auctorem
1040 3838 1114 3903 belii
1135 3837 1292 3918 Africani
1319 3837 1534 3904 dernenstrare
1557 3839 1622 3904 sibi
1641 3841 1703 3903 risi

406 3947 489 4008 aar.
527 3941 574 4006 At
597 3933 829 4006 obserationes
850 3941 886 4006 in
906 3940 1041 4006 mediana
1057 3937 1207 4024 prolatas
1229 3939 1316 4006 nnilo
1340 3941 1432 4006 modo
1447 3961 1543 4024 posse
1558 3941 1701 4026 probare

407 4045 444 4110 id
462 4045 547 4127 qnod
566 4043 619 4108 dli
641 4044 822 4128 opinantur,
847 4043 907 4108 alii
926 4043 1008 4108 satis
1028 4043 1095 4108 iant
1116 4043 1296 4108 docuerant.

472 4146 526 4213 Ad
549 4168 675 4212 summa
703 4154 877 4232 provectus
908 4148 1096 4232 incorrupta
1118 4147 1187 4210 vita
1209 4154 1240 4210 et
1262 4143 1416 4210 facundia
1441 4146 1515 4212 Tac.
1540 4169 1570 4212 a.
1593 4151 1643 4224 11,
1666 4153 1702 4225 0,·

410 4252 505 4316 horno
521 4260 639 4316 natura
654 4259 830 4315 contumax
846 4249 968 4317 Seneca
982 4253 1119 4315 controv.
1134 4253 1154 4312 4
1175 4249 1279 4330 praef.
1295 4253 1331 4325 4;
1353 4248 1474 4314 ferocia
1492 4251 1560 4315 eius
1580 4250 1654 4316 Tac.
1672 4271 1700 4317 a.

409 4360 438 4432 1,
458 4359 510 4418 12.
551 4351 635 4419 (lum
657 4361 785 4416 mortuo
808 4352 841 4416 in
866 4351 963 4436 Syria
985 4352 1056 4436 (sie)
1080 4350 1115 4415 O.
1140 4349 1280 4416 Caesare
1302 4372 1360 4435 per
1383 4348 1547 4416 codicillos
1570 4361 1702 4437 questus

409 4467 494 4522 esset
521 4454 707 4539 Augustus,
738 4453 826 4540 quod
856 4455 889 4518 in
923 4464 988 4520 tam
1021 4474 1138 4537 magno
1172 4462 1205 4517 et
1236 4454 1357 4518 recenti
1390 4451 1482 4518 luctu
1515 4476 1573 4519 suo
1605 4453 1701 4518 homo

408 4559 594 4624 carissimus
616 4556 677 4622 sibi
697 4556 792 4643 pleno
808 4557 958 4622 convivio
975 4564 1130 4640 cenasset,
1154 4556 1320 4642 rescripsit
1334 4554 1437 4621 Pollio
1456 4567 1505 4621 ‘eo
1520 4554 1574 4620 die
1589 4555 1702 4621 cenavi

410 4683 474 4748 quo
504 4661 642 4726 Herium
672 4660 776 4724 filium
805 4659 909 4723 amisi’
936 4659 1057 4725 Seneca
1079 4662 1215 4726 controv.
1238 4657 1387 4741 epraef.
1410 4663 1441 4725 5.
1482 4659 1637 4726 Graviter
1659 4659 1705 4722 in·

409 4763 600 4849 vidisseque
632 4763 666 4827 in
699 4763 791 4828 curia
824 4771 957 4848 questus
992 4771 1041 4826 est
1073 4760 1248 4844 (Marcelli)
1281 4759 1454 4825 Aesernini
1495 4763 1621 4848 nepotis
1654 4763 1703 4827 sui

412 4889 532 4950 casum,
556 4867 613 4952 qui
636 4866 669 4930 iu
692 4866 811 4931 Troiae
833 4865 904 4930 luso
927 4887 1002 4930 orus
1025 4865 1168 4948 fregerat
1183 4863 1313 4931 Sneton.
1328 4864 1464 4947 Anpnst.
1479 4869 1529 4930 43.
1545 4901 1589 4911 -
1605 4863 1705 4928 Nulla

411 4991 463 5036 res
486 4991 560 5036 eum
582 4967 668 5038 ultra
690 4968 859 5036 decumam
881 4967 1024 5051 retinuit,
1049 4965 1105 5032 sed
1127 4967 1226 5032 totius
1246 4965 1310 5030 diei
1330 4965 1553 5032 lassitudinem
1575 4965 1703 5033 duabus
