3732 5622
341 223 500 279 conuws
983 215 1047 278 432
1533 223 1691 278 coumvs

404 443 442 486 ca
465 421 624 498 Morellio,
648 420 679 502 b)
703 423 736 486 Γ.
757 423 878 492 uuum
900 419 1019 508 Βάλβος
1041 421 1189 486 Micnnet
1211 420 1246 488 S.
1271 420 1302 486 V
1311 443 1348 503 p.
1366 426 1435 496 171,
1458 424 1520 485 994
1542 441 1579 484 ea
1608 418 1693 483 Vail

405 525 505 589 lontio
531 553 572 576 =
598 546 633 606 p.
656 529 720 590 172
741 547 770 588 n.
796 529 866 589 996.
919 524 1067 605 Quisquis
1099 522 1314 588 incredibilem
1340 543 1444 606 paene
1477 522 1633 588 lenitatem
1664 527 1693 586 et

405 627 617 704 tnneritotcrn,
640 647 704 708 qam
719 625 888 691 Morcllr'ns
907 633 936 691 ct
954 625 1147 691 Vaillantius
1166 627 1202 690 in
1216 647 1413 691 nummorum
1435 625 1694 709 inscriptionibus

404 729 540 814 tenendis
560 730 612 794 usi
632 733 714 811 sunt,
730 734 930 812 perspectam
951 729 1107 807 habuerit,
1129 749 1193 794 non
1215 728 1382 806 dubitabit,
1406 729 1481 810 quin
1502 729 1624 792 numini
1647 727 1695 792 illi

403 856 438 898 rc
460 854 534 897 ctera
557 831 600 896 ad
620 834 660 899 L.
684 831 848 896 Mindium
870 831 1009 896 Bulbum
1034 831 1253 914 proconsulem
1275 831 1447 915 Bithyniae
1475 831 1532 896 sub
1556 829 1693 896 Claudio

403 934 458 1019 (cf.
482 935 527 1000 M
543 934 618 1014 425)
637 936 830 1017 pertineant.
1270 969 1273 976 ·

339 1038 402 1102 992
423 1036 553 1104 Coelius
569 1036 700 1120 Caldus,
724 1035 912 1101 adulescens
928 1048 1090 1102 vetustate
1113 1036 1255 1101 familiae
1274 1059 1351 1102 suae
1369 1037 1577 1120 dignissimus
1601 1036 1693 1101 clade

406 1141 550 1206 Variana
574 1163 593 1204 a
616 1141 789 1206 Germanis
818 1149 932 1225 captus
962 1139 1149 1225 complexus
1178 1149 1380 1220 catenarum,
1414 1138 1533 1226 quibus
1563 1141 1692 1203 vinctus

404 1253 481 1324 crat,
507 1245 621 1308 seriem
645 1244 690 1306 ita
712 1241 783 1307 illas
807 1241 907 1308 inlisit
929 1244 1027 1328 capiti
1050 1265 1116 1324 suo,
1145 1252 1181 1305 ut
1203 1243 1349 1328 protinus
1372 1244 1536 1329 expiraret
1558 1240 1693 1306 Velleius

402 1352 434 1425 2,
458 1353 531 1423 120,
554 1352 592 1424 9,·
614 1344 743 1411 Caclius
766 1343 863 1410 edidit
882 1343 983 1410 Halm
1004 1345 1170 1409 editionem
1185 1346 1365 1427 principem
1385 1350 1517 1421 secretus,
1539 1344 1595 1410 scd
1617 1366 1692 1426 apo·

400 1448 558 1532 propitum
580 1447 827 1512 Anurbucbinm
848 1451 931 1511 recte
953 1448 1097 1511 ‹nleibcrc
1120 1446 1249 1512 Coelius
1274 1447 1344 1512 inde
1365 1449 1514 1528 sequitur,
1537 1447 1621 1529 quod
1642 1447 1692 1511 bic

403 1550 521 1617 Caldus
548 1552 616 1614 sine
646 1549 740 1614 dubio
769 1550 833 1632 fuit
862 1571 900 1614 cn
922 1551 1060 1633 posteris
1081 1548 1118 1614 C.
1143 1549 1244 1614 Caelii
1272 1549 1365 1616 Caldi
1395 1549 1536 1615 consulis
1566 1573 1595 1615 a.
1618 1552 1690 1632 660,

403 1657 492 1720 cuius
507 1653 544 1718 dc
557 1654 684 1718 noiru'ne
698 1656 820 1718 coarat
841 1653 936 1734 fastis
952 1651 1142 1735 Capitolinis
1157 1651 1232 1718 CIL
1253 1654 1294 1719 1²
1310 1675 1347 1736 p.
1365 1658 1406 1716 77
1426 1657 1456 1717 et
1477 1652 1569 1716 titulo
1598 1651 1691 1717 Cam-
1777 1646 1780 1655 '

398 1779 488 1842 pono
509 1756 546 1822 X
564 1759 658 1822 3772.

338 1863 402 1927 998
424 1859 554 1925 Coelius
572 1857 731 1942 Clemens,
755 1857 861 1923 affinis
884 1880 996 1922 socrus
1012 1857 1109 1922 Plinii
1126 1881 1145 1922 a
1161 1857 1303 1922 Traiano
1325 1859 1358 1922 in
1382 1857 1568 1942 Bithyniam
1592 1867 1695 1921 trans·

402 1963 496 2036 latus,
520 1985 584 2048 quo
607 1973 750 2047 tempore
772 1961 896 2028 Plinius
925 1962 1123 2047 pmvinciam
1146 1961 1281 2044 regebat
1303 1961 1392 2028 Plin.
1417 1961 1460 2026 ad
1485 1960 1618 2028 Traian.
1640 1965 1691 2026 51.

404 2067 540 2132 Munere
561 2065 696 2147 quodum
720 2067 855 2147 equestri
875 2065 957 2130 velut
976 2066 1199 2146 procuratoris
1220 2066 1349 2146 structus
1371 2085 1435 2130 essa
1456 2063 1588 2130 ridetur.

340 2171 404 2234 994
426 2179 460 2234 L.
484 2178 641 2233 GOELIVS
665 2177 821 2250 FESTVS,
845 2166 989 2232 adlectus
1015 2168 1099 2232 inter
1122 2167 1322 2248 tribunicios,
1347 2177 1486 2253 praetor,
1509 2166 1693 2253 praefectus

401 2271 555 2336 frumenti
585 2270 683 2335 ‹lamdi
715 2293 756 2334 ex
786 2281 915 2335 senatus
945 2269 1109 2352 consulto,
1148 2270 1273 2354 legatus
1301 2271 1503 2356 imperatoris
1531 2269 1690 2334 Antonini

400 2373 541 2456 Augusti
565 2371 717 2438 Asturiae
740 2383 772 2436 et
793 2372 981 2455 Callaeciae,
1007 2373 1189 2458 praefectus
1211 2375 1327 2437 aerarii
1351 2373 1492 2454 Saturni,
1516 2371 1692 2457 proconsul

402 2477 588 2562 provinciae
604 2476 699 2540 Ponti
716 2486 748 2540 ct
761 2475 944 2560 Bithyniae,
961 2475 1072 2540 consul
1089 2474 1252 2554 (suffectus
1266 2497 1350 2540 anne
1365 2476 1513 2558 incerto),·
1534 2485 1692 2559 patronus

402 2578 608 2644 Velleiatium
625 2577 684 2643 XI
694 2583 775 2644 1183
797 2583 818 2643 t.
838 2577 960 2644 Vclcius
975 2579 1105 2662 publica
1122 2581 1255 2661 positus.
1289 2579 1527 2660 caracutium
1542 2583 1692 2642 accurate

402 2686 583 2764 concutiam
604 2701 669 2745 esse
690 2682 840 2762 quoniam
858 2680 940 2745 nibil
962 2685 1007 2745 est
1029 2702 1085 2744 cur
1102 2702 1255 2763 neporus,
1272 2704 1341 2746 cum
1357 2682 1458 2764 lepatc
1473 2681 1615 2764 Accausti
1626 2703 1690 2746 nou

402 2785 543 2850 addatur
566 2794 637 2866 ‘pro
653 2790 828 2865 practorc',
855 2805 977 2848 neccsse
1001 2789 1046 2848 cst
1066 2783 1196 2848 Festum
1219 2783 1396 2866 intellepere
1419 2785 1553 2866 inpetum
1576 2783 1692 2847 iuridi-

401 2911 471 2954 cum
493 2909 557 2970 per
576 2887 746 2951 Asturiam
771 2893 800 2952 ct
823 2886 1017 2953 Callaeciam
1045 2888 1098 2971 (cf.
1125 2887 1258 2970 Eplccm.
1282 2889 1380 2970 eninr.
1403 2892 1475 2969 41).
1490 2891 1570 2970 224)
1592 2907 1693 2967 neque

399 2993 565 3074 quicquum
596 2990 714 3066 obstat,
745 3011 784 3054 ne
813 3010 881 3054 eum
913 2989 1049 3072 leputum
1072 2989 1229 3054 Antonini
1248 2987 1305 3053 Pii
1325 2990 1424 3071 fuisse
1439 3009 1615 3071 ponamus,
1648 2989 1693 3053 ad

401 3096 490 3158 arius
519 3097 653 3158 actatum
680 3097 762 3156 recte
791 3091 914 3156 rettulit
941 3091 1067 3156 titulum
1097 3090 1242 3155 Brandr's
1271 3090 1404 3156 Hermes
1431 3091 1560 3157 XXXI
1583 3095 1692 3174 (189⁶)

399 3217 434 3277 p.
451 3199 520 3261 164.
566 3193 643 3260 Sine
673 3193 787 3258 idonea
816 3214 915 3258 carisa
943 3195 1042 3276 ipitur
1072 3192 1230 3276 Bcrpbesi
1257 3215 1326 3275 epm.
1350 3193 1442 3260 VIII
1451 3217 1488 3276 p.
1503 3199 1577 3272 329,
1601 3215 1693 3277 quem

400 3301 524 3361 secutus
549 3301 595 3360 est
617 3296 831 3377 Marquurdt‚
862 3297 1030 3360 Rbmisclre
1053 3295 1359 3378 Staatseerunltnnp
1379 3296 1404 3361 I
1408 3297 1420 3334 2
1436 3319 1473 3379 p.
1489 3300 1552 3362 255
1573 3299 1637 3362 nol.
1660 3301 1691 3374 3,

402 3399 528 3463 titulum
557 3398 600 3463 ad
625 3397 789 3464 Caracalli
818 3403 953 3462 aetatem
980 3401 1097 3462 reiecit.
1144 3397 1231 3462 Nam
1258 3398 1342 3480 quod
1360 3398 1397 3464 C.
1420 3397 1523 3464 Iulius
1547 3399 1692 3464 Cerealis

402 3501 493 3566 titulo
516 3503 704 3584 Iapicmeusi
718 3503 764 3565 II
773 3507 857 3567 2991
881 3501 999 3566 dicitur
1019 3501 1079 3583 leg.
1096 3501 1182 3584 Aug.
1199 3523 1247 3585 pr.
1263 3523 1310 3586 pr.
1327 3503 1541 3587 prlovineiac)
1558 3500 1692 3586 Hlispa·

401 3605 485 3686 niae)
509 3603 665 3685 n(0vue‘l)
687 3603 900 3686 cliteriorisl)
924 3603 1162 3668 Antoninianae
1186 3613 1259 3689 post
1280 3603 1474 3668 divisionem
1503 3606 1693 3690 provinciae

402 3707 525 3792 primus
548 3704 590 3770 ab
613 3729 648 3768 eo
672 3706 821 3789 mlissus],
845 3705 961 3770 Festus
990 3711 1096 3770 noster
1125 3708 1155 3770 si
1179 3706 1283 3771 codem
1305 3728 1432 3771 numero
1452 3708 1581 3789 [rinctus
1602 3713 1692 3784 esset,

400 3809 600 3890 prm-inciam
621 3829 735 3872 nimiam
757 3808 864 3872 codun
885 3810 1011 3873 ratione
1034 3814 1125 3890 utque
1155 3809 1221 3873 illic
1249 3810 1430 3892 si'pnificari
1451 3809 1693 3892 exspectandum

401 3917 478 3976 essct
514 3916 544 3975 et
579 3911 811 3975 desideraretur
848 3922 918 3994 ‘pro
947 3917 1122 3994 practorc‘.
1159 3948 1201 3957 -
1243 3911 1331 3976 Num
1367 3917 1448 3976 recte
1486 3911 1530 3976 acl
1561 3913 1693 3978 mandem

400 4013 556 4096 Borpbcsi
578 4014 598 4077 l.
624 4013 643 4077 l.
666 4014 823 4078 rettulerit
853 4014 978 4078 titulum
1003 4014 1246 4078 Praenestinum
1272 4015 1458 4097 ucmrlcolum
1488 4013 1582 4079 XIV
1596 4019 1691 4094 2941,

399 4138 520 4200 parum
542 4121 659 4180 cutum
679 4117 811 4181 videtur.

338 4219 400 4283 995
424 4226 882 4300 Q.00EL1VSHONORA'rvs,
907 4217 1089 4304 praefectus
1109 4219 1260 4282 frumenti
1277 4217 1384 4301 dandi,
1409 4217 1534 4301 legatus
1550 4219 1692 4302 Siciliae,

402 4320 527 4403 legatus
550 4319 644 4384 Ponti
669 4331 701 4383 et
723 4319 905 4405 Bithyniae,
930 4320 1101 4406 proconsul
1125 4320 1226 4406 Cypri
1243 4321 1593 4405 Latus-Wuddinpton
1607 4327 1694 4388 2814

401 4428 423 4489 t.
451 4421 590 4504 Cyprius
614 4443 727 4505 praece
754 4424 906 4505 scriptus,
938 4425 1026 4488 cuius
1055 4423 1178 4488 litteras
1206 4423 1326 4489 saeculi
1350 4425 1452 4507 primi
1479 4426 1620 4490 excuntis
1646 4427 1694 4491 ael

401 4524 530 4590 secundi
550 4525 687 4592 ineuntis
709 4545 773 4590 csse
794 4526 947 4591 iudicarit
970 4525 1190 4609 Waddirmton.

337 4628 400 4692 996
423 4636 580 4691 COELIVS
605 4635 820 4711 MARTIALIS,
849 4628 1045 4694 clarissimus
1068 4631 1128 4710 vir,
1154 4679 1180 4694 ..
1196 4681 1203 4695 .
1217 4629 1280 4694 line
1303 4631 1491 4696 Honoratae
1513 4630 1607 4713 lilius,
1632 4632 1694 4696 Cn.

401 4728 504 4795 Coelii
534 4729 720 4794 Senecionis
750 4729 919 4796 clarissimi
950 4733 1012 4796 viri
1043 4743 1075 4795 et
1104 4730 1206 4796 Coclii
1237 4732 1379 4797 Senecae
1409 4735 1527 4817 equitis
1555 4733 1693 4798 Romani

403 4831 503 4896 frater
525 4831 617 4896 VIII
627 4832 662 4898 S.
677 4837 782 4898 20449
801 4839 822 4898 t.
840 4835 1068 4901 Mauretaniae
1082 4833 1253 4917 Sitifensis.
1299 4833 1352 4900 Vcl
1371 4833 1453 4902 idern
1471 4841 1515 4900 cst
1532 4834 1580 4900 oct
1595 4841 1694 4918 puter
