3732 5622
185 303 354 356 CLAVDIA
836 295 898 360 407
1377 304 1543 360 chevnlu

254 500 335 566 cella
364 501 467 564 maior
497 499 548 564 VI
563 503 656 578 4055,
686 500 793 565 minor
822 499 873 566 VI
894 505 988 566 4421.
1015 505 1108 566 4037.
1134 505 1215 568 8755
1243 501 1279 566 in
1308 505 1328 565 t.
1360 500 1542 567 libertorum

253 622 464 681 servuiunue;
492 607 628 668 ceterum
648 624 745 685 neque
767 603 802 668 in
823 602 874 667 luis
894 600 948 685 (cf.
973 603 1024 670 VI
1034 625 1069 686 p.
1091 609 1154 669 909
1176 609 1205 668 et
1228 603 1279 669 VI
1294 608 1406 669 15091.
1429 601 1542 686 15497)

252 726 351 789 neque
372 705 461 790 aaa
480 706 649 788 scriptores
670 705 907 788 distinguuntur
928 725 1060 784 sorores,
1091 707 1139 770 ita
1158 712 1194 770 at
1221 711 1250 771 et
1272 706 1310 772 de
1330 707 1544 772 matrimoniis

254 829 364 874 earnem
391 828 456 874 non
476 807 578 891 plane
605 813 687 874 certe
715 811 853 874 statuere
882 807 984 875 liceat.
1027 808 1070 873 Id
1093 829 1191 874 unmn
1221 812 1302 872 certe
1325 830 1346 872 o
1367 806 1544 872 Plutarcho

254 911 371 978 Autan
394 915 437 975 87
469 909 622 975 traditum
655 915 699 976 est
731 910 862 976 100000
896 911 1089 976 Marcellam
1115 912 1258 994 primum
1290 909 1458 993 Aqm'ppae
1481 930 1544 992 per

252 1013 363 1096 pluas
392 1033 492 1078 annos
520 1033 650 1078 amaran
679 1014 793 1096 fuisse,
826 1013 936 1078 du'ncle
965 1014 1108 1080 Antonio
1134 1015 1277 1097 nupsisse
1307 1017 1399 1094 atque
1429 1012 1544 1076 aetatis

253 1119 377 1182 ratione
391 1115 504 1181 habita
517 1117 585 1182 ueri
598 1115 736 1181 similias
750 1115 875 1183 videtur
889 1115 971 1182 auu
993 1118 1091 1199 [01οο
1112 1118 1272 1194 maioreni,
1295 1137 1359 1182 non
1382 1117 1542 1192 ncinorem,

253 1224 290 1283 ut
310 1224 468 1285 statuerat
489 1219 647 1302 Barqlresi
666 1241 736 1302 opp.
753 1218 812 1284 IV
821 1241 858 1302 p.
881 1223 931 1287 69.
975 1219 1115 1302 Reliqua
1137 1225 1242 1285 autem
1263 1241 1344 1302 quae
1365 1219 1403 1286 de
1423 1219 1545 1302 martiis

254 1321 487 1388 Marcellarum
507 1323 571 1385 viri
593 1321 676 1387 docti
697 1323 904 1399 coniecerunt,
928 1321 1118 1388 1105115000
1140 1327 1258 1388 ament.

317 1423 404 1490 Nata
425 1434 474 1489 est
495 1433 569 1489 ante
591 1447 620 1488 a.
644 1424 706 1490 714
728 1453 771 1478 =
791 1424 843 1508 40,
866 1445 931 1509 quo
953 1423 1091 1489 Octavia
1112 1425 1227 1490 marito
1248 1423 1401 1489 defuneto
1417 1422 1462 1489 M.
1479 1420 1545 1486 An·

255 1528 342 1598 tenio
365 1526 527 1612 desponsa
549 1537 597 1592 est
610 1525 677 1592 Dio
692 1530 742 1604 48,
757 1531 809 1591 31.
847 1527 1014 1610 Augustus
1038 1549 1108 1592 eam
1130 1526 1176 1591 M.
1192 1527 1358 1612 Agrippae
1381 1525 1415 1590 in
1437 1524 1545 1589 matri·

254 1631 397 1694 monium
417 1629 516 1712 dedit,
541 1630 596 1715 qui
619 1650 662 1693 ex
684 1651 722 1692 ea
743 1629 853 1715 plures
876 1627 996 1694 liberos
1017 1629 1092 1694 tulit
1113 1629 1293 1707 Plutarch„
1317 1630 1446 1696 Sueten.
1469 1625 1489 1692 l.
1512 1624 1544 1702 l.‚

254 1730 321 1798 Dio
342 1736 391 1810 53,
414 1736 443 1814 1,
470 1753 508 1796 ca
530 1733 619 1797 cuins
640 1732 743 1796 culis
763 1752 961 1814 nequaquam
983 1733 1124 1815 sequitur
1147 1753 1200 1797 eas
1224 1733 1354 1814 meptias
1375 1751 1458 1796 anno
1482 1733 1545 1794 720

255 1863 297 1888 =
317 1838 364 1902 28
385 1835 495 1916 factas
517 1847 590 1904 esse.
633 1833 730 1900 Auno
756 1834 818 1901 733
837 1863 878 1887 =
897 1837 934 1900 21
963 1834 1104 1918 Augusti
1128 1836 1218 1900 iussu
1240 1825 1389 1920 Agrippa
1410 1853 1483 1897 eum
1507 1853 1545 1896 ea

256 1936 433 2002 divortium
460 1936 539 2002 fecit
564 1935 630 2002 Dio
657 1941 714 2014 54,
745 1941 775 2003 6.
826 1936 914 2001 Dein
946 1938 1056 2023 nupsit
1089 1936 1172 2002 Iullo
1204 1937 1346 2002 Antonio
1376 1934 1544 2002 Plutarch.

257 2039 366 2106 Antan
386 2044 430 2104 37
459 2041 501 2122 of.
527 2040 601 2106 Pae.
625 2061 654 2106 a.
676 2045 706 2118 4,
729 2045 786 2118 44,
819 2039 1044 2119 70112100,
1076 2062 1206 2126 exque
1237 2050 1324 2105 certe
1353 2039 1434 2104 duos
1463 2036 1545 2101 filios

256 2140 377 2208 Iullum
399 2151 432 2206 et
453 2143 591 2208 Lucium
614 2143 773 2208 Antonios
794 2143 922 2228 peperit
942 2164 970 2208 a.
993 2163 1094 2227 seqare
1113 2142 1147 2208 A
1168 2147 1237 2209 037.

322 2244 490 2310 ‘Marcella
520 2245 624 2310 maior
658 2255 771 2328 rogata
799 2267 819 2310 a
847 2255 950 2310 maus
982 2267 1058 2327 sua,
1089 2243 1288 2328 gauderetne
1320 2267 1354 2308 se
1387 2243 1544 2328 nupsisse,

258 2347 440 2434 respoudit:
467 2349 524 2412 ‘ite
546 2335 651 2431 ualde,
678 2346 873 2434 etamplius
896 2346 1007 2412 nolim'
1025 2348 1210 2432 Hi'eronqm.
1233 2346 1384 2412 adrasus
1405 2345 1544 2412 Iovinia-

254 2471 330 2517 num
350 2456 380 2528 1,
402 2456 443 2516 40
465 2450 511 2515 II
529 2473 565 2534 p.
587 2455 649 2516 313
671 2451 716 2518 cd.
748 2450 899 2516 Vallarsi.
945 2453 1033 2533 Quae
1060 2473 1136 2516 nrcm
1160 2452 1344 2534 pertineant
1372 2449 1417 2514 ad
1444 2447 1546 2532 tiliam

255 2553 413 2635 Octaviae,
431 2552 500 2618 ideo
516 2553 662 2618 dubitari
672 2557 786 2636 potest,
803 2553 887 2636 qnod
899 2553 1122 2638 Hieronymus,
1137 2559 1174 2619 ut
1188 2575 1226 2618 ea
1241 2557 1385 2618 contentu
1400 2555 1544 2634 aqparct,

255 2655 449 2722 Marcellam
470 2655 559 2720 illam
589 2657 742 2737 feminam
770 2657 931 2721 univiram
952 2656 1051 2737 fuisse
1072 2657 1212 2738 putavit.
1256 2657 1455 2737 Quarrmuam
1476 2675 1546 2718 cum

253 2757 289 2822 a
308 2764 389 2824 recte
411 2760 559 2824 statuisse
581 2780 619 2823 ea
641 2758 724 2824 dieto
745 2758 828 2842 quod
849 2758 947 2838 attint
966 2780 1030 2825 non
1052 2759 1302 2842 0010001111ον.

185 2861 253 2926 866
275 2861 691 2945 (0141014)ΜΑΒΟΕ151
707 2863 821 2926 minor.
855 2860 907 2926 Dc
927 2861 1052 2927 nourine
1073 2860 1143 2924 aido
1166 2862 1199 2926 in
1219 2881 1328 2925 sorore
1349 2880 1429 2942 quae
1443 2879 1541 2942 prae·

254 2964 344 3029 cedit.
370 3001 407 3014 -
431 2963 516 3030 Nata
537 2963 666 3029 videtur
688 2987 716 3031 a.
733 2963 870 3030 7141715
888 2994 928 3017 =
941 2964 1037 3028 40139
1062 2987 1090 3031 a.
1107 2962 1154 3046 0.,
1179 2984 1251 3027 eum
1274 2987 1302 3030 a.
1319 2962 1382 3029 714
1403 2961 1542 3026 Octavia

253 3077 356 3132 mater
386 3066 440 3131 vel
468 3087 629 3153 praegnas
657 3066 699 3132 ab
728 3064 765 3134 C.
789 3065 928 3133 Caesare
957 3067 1057 3132 fratre
1079 3065 1123 3132 M.
1147 3065 1288 3131 Antonio
1312 3065 1471 3150 desponsa
1499 3067 1542 3128 sit

252 3170 319 3237 Dio
348 3175 406 3249 48,
434 3175 485 3236 31.
538 3169 730 3237 Marcellam
769 3170 903 3235 alteram
942 3175 1050 3235 utram
1087 3167 1204 3235 Paullo
1239 3168 1377 3233 Amullio
1414 3165 1539 3231 cuidam

251 3275 394 3357 nupsisse
414 3274 479 3338 oiri
500 3271 584 3340 docti
605 3274 671 3338 iam
687 3272 813 3357 pridem
836 3273 890 3354 (cf.
912 3271 1071 3356 Borqlsesi
1091 3293 1161 3355 opp.
1184 3272 1210 3336 Ι
1220 3293 1256 3354 p.
1271 3275 1340 3348 415,
1372 3269 1405 3334 V
1412 3291 1449 3352 p.
1465 3266 1539 3350 191)

251 3378 449 3442 coniecenmt
470 3398 509 3440 aa
530 3381 551 3440 1.
573 3377 699 3442 eubano
722 3374 772 3440 VI
788 3381 887 3440 9000:
915 3376 1056 3440 Faustus
1081 3372 1254 3438 Marcellae
1284 3371 1390 3438 Paulli
1420 3373 1539 3458 pistor3

253 3479 416 3562 eodemque
432 3479 574 3561 pertinet
602 3483 623 3542 t.
647 3477 801 3562 Sr'quinus
823 3477 859 3544 X
877 3483 959 3542 5981
966 3499 976 3542 :
998 3477 1035 3543 O.
1059 3477 1215 3541 Claudius
1237 3473 1411 3540 Marcellae
1435 3471 1538 3539 Paulli

250 3581 414 3666 l(ibertus)
446 3580 595 3664 [Tlimon.
637 3581 725 3662 Quae
754 3582 934 3647 coniectura
962 3580 1035 3645 indo
1057 3581 1227 3664 molatur,
1257 3577 1341 3662 qaod
1367 3579 1402 3642 in
1430 3599 1539 3644 monn·

249 3690 352 3750 masto
380 3683 526 3766 famuliae
549 3682 727 3749 Marcellae
749 3683 824 3749 CIL
846 3683 896 3748 VI
910 3706 947 3766 p.
970 3688 1032 3748 909
1054 3683 1141 3748 111011
1163 3683 1347 3747 libertorum
1368 3703 1539 3746 sanorum-

248 3809 306 3870 que
320 3787 532 3852 Aemrliorum
546 3785 735 3852 Paullorum
749 3787 867 3868 reperti
879 3791 961 3850 sunt.
984 3785 1098 3867 Itaque
1113 3785 1288 3850 Moramsen
1311 3784 1331 3848 l.
1351 3783 1370 3851 l.
1387 3786 1537 3850 maritum

249 3889 385 3954 alterum
400 3888 578 3954 Marcellae
598 3892 628 3953 et
647 3890 780 3953 minoris
800 3887 926 3970 quidem
941 3887 1092 3952 Paullum
1106 3885 1279 3952 Acrrulium
1293 3886 1448 3968 Lepidum
1463 3889 1537 3968 (cos.

250 4013 280 4056 a.
296 3997 361 4058 720
376 4021 418 4046 =
432 3995 473 4056 34
488 4012 518 4058 a.
532 3989 581 4073 O)
595 3990 694 4072 fuisse
709 3992 848 4068 coniecit,
865 3992 920 4072 qui
934 3990 972 4057 L.
988 3989 1160 4054 Aunilium
1176 3987 1327 4054 Paullum
1345 3983 1419 4065 (eos.
1436 4010 1466 4053 a.
1478 3992 1537 4053 754

248 4091 569 4177 =1p.0)etM.
593 4091 765 4158 Aemilium
785 4091 941 4175 lepidum
962 4090 1036 4170 (cos.
1057 4113 1087 4156 a.
1105 4095 1164 4158 759
1180 4121 1222 4144 =
1237 4095 1257 4156 6
1268 4111 1305 4174 p.
1322 4088 1371 4173 0.)
1393 4090 1478 4174 filios
1499 4111 1537 4155 ea

248 4196 397 4264 (loruelia
416 4196 533 4279 posuit,
556 4216 637 4278 quae
659 4217 689 4260 a.
714 4200 774 4261 730
792 4225 834 4249 =
855 4199 896 4260 10
914 4200 1041 4260 mutua
1062 4199 1107 4259 est
1129 4194 1170 4275 of.
1193 4213 1293 4276 supra
1314 4192 1346 4257 A
1364 4197 1435 4276 259,
1459 4191 1534 4271 (non

248 4321 287 4365 eu
306 4297 478 4375 Marcella,
505 4298 541 4362 id
561 4297 699 4380 quadiu
720 4302 881 4362 stemmate
903 4320 924 4362 a
947 4298 1142 4363 annrseno
1166 4295 1185 4363 l.
1209 4295 1229 4360 l.
1254 4295 1409 4360 delineata
1430 4315 1536 4359 errore

246 4403 389 4484 positum
410 4401 479 4483 est).
511 4400 637 4466 Eatant
658 4405 763 4466 autem
784 4401 819 4464 in
841 4405 862 4464 t.
880 4399 993 4465 Paulli
1007 4399 1190 4464 libertorum
1209 4403 1239 4464 et
1254 4397 1367 4462 Marci
1386 4395 1429 4476 (n.
1445 4402 1534 4463 4457.

246 4509 336 4572 4510.
359 4502 453 4586 4095)
483 4509 513 4570 et
540 4503 636 4569 [0011
655 4503 789 4568 Aemilii
813 4502 856 4587 (u.
876 4507 967 4569 4499.
990 4501 1094 4585 4500).
1138 4501 1185 4567 Ε1
1212 4501 1383 4566 naucum
1410 4499 1535 4580 quidem

244 4612 421 4688 patronum
448 4606 548 4687 fnisse
573 4606 612 4670 L.
639 4605 790 4670 Paullum
811 4625 871 4670 cos.
895 4626 925 4672 a.
947 4610 968 4670 1
989 4628 1026 4689 p.
1047 4604 1093 4682 0.,
1122 4605 1274 4669 maritum
1300 4600 1405 4666 Iuliae
1432 4603 1535 4684 neptis

247 4710 395 4792 Auqrrsti,
418 4708 492 4774 inde
513 4713 646 4786 eorutat,
667 4708 752 4791 quod
773 4707 884 4772 Paulli
902 4727 1014 4773 manen
1035 4727 1161 4772 mosam
1182 4711 1228 4771 est
1248 4705 1290 4786 cf.
1312 4702 1346 4767 A
1367 4707 1441 4768 200.
1482 4702 1533 4768 De
1568 4701 1570 4708 ’

245 4817 386 4894 patrono
401 4817 505 4877 autern
521 4812 710 4876 Marcoman
723 4831 775 4876 res
789 4809 887 4876 dulia
901 4815 954 4875 est.
994 4810 1082 4875 Nam
1095 4809 1180 4893 qaod
1192 4809 1368 4874 Mmrrrnseu
1382 4804 1533 4870 Paullum

245 4915 419 4980 Annalium
435 4919 611 4982 casallo
619 4935 814 4998 praemmen
828 4913 938 4977 Marci
951 4913 1108 4991 labasse,
1120 4911 1176 4978 sal
1188 4931 1248 4976 usu
1262 4911 1329 4975 eius
1345 4907 1533 4972 abstinuisse
