3732 5622
318 313 434 368 cot't's
962 302 1026 368 478
1553 307 1672 364 GOTYS

378 539 421 562 =
437 513 477 572 68
489 515 540 586 09,
562 509 619 590 qui
635 527 781 570 mansuum·
803 507 847 571 ad
868 506 1026 570 manum
1045 508 1164 588 referri
1180 507 1258 572 solet
1274 506 1388 570 Kohne
1408 529 1441 570 n.
1457 509 1497 570 15
1510 506 1553 585 cs.
1570 503 1673 570 saltet

378 611 399 676 l.
415 611 436 676 l.
448 635 484 695 p,
495 617 566 688 305,
582 631 771 692 woremiam
789 610 849 674 alii
863 611 918 692 (cs.
935 610 1110 692 latyschct·
1119 611 1227 693 praes.
1237 633 1275 693 p.
1287 609 1400 688 XLV)
1415 609 1497 674 aaa
1511 628 1672 671 manium

379 713 424 776 od
443 711 710 795 Rhoaaeporidem
732 711 758 776 I
773 713 818 796 (a.
835 717 957 794 71-92)
979 712 1176 780 rettulerunt.

443 817 585 900 Aspurgi
611 816 697 898 regis
720 815 856 900 Bospori
880 815 965 878 tilius
987 819 1008 880 t.
1033 821 1061 878 1.
1085 821 1109 879 2
1131 816 1185 899 (cs.
1206 816 1238 878 A
1253 819 1347 894 1048)
1368 835 1485 878 nussim.
1508 835 1543 894 a,
1572 812 1673 876 trater

379 917 586 998 Mithridatis,
609 917 696 1000 regis
720 918 855 1002 Bospori
885 917 958 983 Tac.
979 922 1148 994 υ.12,18.
1190 919 1222 982 Α
1244 917 1345 981 fratre
1367 915 1573 994 Mithridate,
1595 934 1672 996 rege

378 1021 546 1086 iberorum
577 1021 655 1104 (sic),
684 1042 758 1083 cum
788 1041 839 1083 res
869 1041 971 1084 novas
998 1020 1183 1102 moliretur,
1214 1021 1351 1085 Romam
1380 1019 1422 1082 ad
1445 1021 1672 1104 imperatorem

379 1123 553 1190 Claudium
575 1125 693 1188 missus
715 1135 778 1204 est,
808 1127 824 1188 ό
849 1126 881 1188 δὲ
903 1126 1169 1210 παραπρεσβεύσας
1191 1127 1287 1188 πάντα
1313 1125 1396 1210 αὐτῷ
1417 1125 1604 1206 κατεμήνυσε
1623 1121 1673 1183 καὶ

378 1229 515 1316 βασιλεὺς
538 1224 663 1312 Ἰβηρίας
685 1225 762 1290 κατὰ
784 1225 971 1312 Μιθριδάτου
993 1228 1101 1310 γίνεται
1121 1225 1236 1291 Petrus
1251 1225 1416 1290 Patricius
1437 1225 1516 1306 [ηδ’
1536 1223 1671 1304 Fraqui.

378 1330 531 1394 Historia.
552 1329 666 1392 Graec.
690 1327 715 1392 Ι
719 1327 749 1390 V
759 1351 794 1410 p.
818 1333 887 1404 185,
917 1333 954 1392 ut
981 1329 1089 1392 eadem
1115 1331 1242 1393 ratione
1272 1331 1305 1392 in
1333 1329 1487 1410 excerptis
1509 1326 1673 1391 Vaticanis

378 1431 496 1496 Dionis
522 1430 552 1493 V
562 1453 597 1513 p.
614 1435 675 1494 191
698 1429 745 1494 ed.
761 1429 911 1512 Diodori
921 1431 1130 1496 Mithridates
1144 1431 1353 1514 Bosporamis
1375 1435 1405 1494 ot
1425 1429 1579 1494 Pasias
1600 1447 1671 1491 cou-

377 1533 565 1616 [nudantur.
614 1533 730 1597 Frater
759 1533 861 1618 Cotys
894 1533 1041 1620 proditor
1069 1533 1162 1616 olim,
1193 1533 1312 1599 deinde
1343 1533 1443 1599 hostis
1477 1533 1551 1598 Tac.
1581 1529 1601 1596 t.
1632 1528 1673 1606 t,-

379 1639 448 1720 (A.)
471 1635 591 1700 Didius
614 1634 756 1718 (Gallus)
780 1638 928 1700 exercitu
943 1637 1165 1701 Mithridatem
1189 1658 1288 1721 regno
1312 1635 1438 1722 expulit
1459 1638 1549 1717 (ante
1570 1655 1599 1696 a
1615 1633 1671 1712 49)

379 1751 411 1804 et
425 1740 533 1822 Cotyn
549 1741 684 1803 iuventa
699 1738 811 1803 rudem
832 1759 941 1822 regem
963 1741 1132 1804 constituit
1154 1743 1266 1825 paucis
1288 1740 1469 1803 cohortium
1491 1758 1565 1800 cum
1587 1734 1671 1800 Iulio

380 1839 501 1926 Aquila
523 1841 631 1925 equite
654 1841 799 1905 Romano
822 1840 943 1905 relictis
964 1841 1007 1906 id.
1024 1847 1189 1918 α.12,15.
1220 1842 1343 1907 Contra
1364 1863 1446 1926 quos
1467 1837 1671 1904 Mithridates

378 1966 463 2009 auno
486 1945 528 2009 49
548 1963 684 2026 regnum
708 1957 854 2030 repetere
875 1945 996 2009 frustra
1018 1959 1152 2010 conchis
1175 1945 1288 2012 estid.
1312 1967 1342 2012 a.
1365 1946 1556 2020 12,15-18.

443 2045 521 2111 Onam
546 2046 584 2110 de
607 2067 734 2110 munina
764 2047 786 2110 d
813 2047 966 2110 iudicium
991 2047 1095 2112 adhuc
1117 2070 1238 2130 parma
1267 2053 1385 2112 certum
1413 2045 1567 2120 videatur,
1596 2065 1669 2107 maru

379 2149 472 2233 Cotys
497 2149 548 2212 hic
572 2148 697 2212 Neroni
724 2155 879 2231 superstes
906 2150 1005 2230 suerit
1028 2171 1092 2214 non
1122 2151 1194 2214 iicet
1222 2150 1410 2214 diiudicare.
1453 2147 1517 2213 sca
1545 2147 1670 2210 omnino

374 2257 563 2335 potestatem
597 2253 718 2334 rapiam
753 2253 820 2315 eins
857 2273 941 2316 anno
970 2257 1011 2316 03
1043 2273 1064 2314 a
1099 2251 1226 2318 Nerone
1258 2255 1454 2318 irnminntom
1492 2270 1557 2314 esse
1589 2253 1672 2312 recte

381 2355 483 2421 sana
509 2355 528 2418 l.
561 2353 581 2420 i.
616 2354 689 2418 inde
725 2355 893 2432 conclusit,
930 2355 1015 2436 qnod
1051 2356 1123 2420 iude
1160 2358 1201 2420 ab
1239 2379 1273 2420 eo
1310 2358 1379 2439 ipso
1416 2375 1500 2418 anuo
1537 2351 1609 2434 (ριιο
1641 2357 1671 2416 et

380 2458 503 2522 Pontus
524 2456 765 2520 Polemoniacus
786 2459 822 2521 in
843 2460 1046 2541 provinciam
1072 2458 1221 2523 redactus
1249 2465 1307 2542 cst)
1330 2477 1566 2540 niortopramma
1588 2456 1672 2536 repis

379 2563 413 2624 in
432 2561 568 2625 nummis
588 2559 646 2623 aab
670 2558 799 2624 Nerone
820 2561 903 2625 aisis
924 2582 987 2624 non
1010 2563 1074 2625 iam
1096 2563 1264 2627 immitur.

317 2664 399 2728 1272
421 2665 471 2728 Ti.
490 2661 593 2727 Iulius
614 2661 733 2746 Cotys,
758 2684 817 2725 rex
840 2663 986 2748 Bospori.
1034 2664 1158 2730 Titulus
1180 2665 1247 2728 (ins
1270 2663 1551 2746 Panticapoccusis
1573 2662 1670 2742 Laty-

378 2767 476 2842 schev,
493 2765 721 2847 Inscriptionas
742 2766 834 2847 requi
853 2765 1039 2848 Bosporani
1058 2787 1091 2832 u.
1105 2771 1152 2831 27
1156 2787 1166 2830 .·
1189 2765 1308 2852 [ὑπ]ὲ[ρ]
1334 2767 1479 2852 βασιλέως
1501 2761 1672 2854 [pentilus

380 2869 514 2957 Τιβερίου
527 2867 652 2933 Ἰουλίου
667 2865 810 2951 litardus]
828 2869 1051 2955 φι1.οκαι’σ[αρος
1066 2873 1113 2934 καὶ
1129 2868 1395 2957 ρ]ι[λ]υριυμα[ιΊυυ
1409 2905 1448 2914 -
1467 2905 1503 2914 -
1522 2869 1552 2932 ἐν
1568 2875 1612 2954 τῷ
1625 2865 1672 2930 κυ’

379 2972 437 3038 ἔτει
458 2975 507 3036 καὶ
530 2974 597 3057 μηνὶ
615 2973 743 3056 Δαεισίιρ
757 2969 802 3044 κζ’
819 2971 854 3036 id
874 2977 919 3036 ast
941 2993 1025 3038 anno
1046 2978 1112 3037 420
1134 2995 1230 3036 aerae
1243 2973 1454 3055 Bosporanoe
1469 3001 1510 3024 =
1525 2973 1672 3036 1231124.
1692 2977 1698 2991 “

444 3074 579 3139 Nummi
600 3075 692 3138 aurei
713 3079 743 3137 et
765 3075 852 3138 naci
872 3077 907 3138 in
934 3075 1068 3139 aduersa
1097 3081 1192 3159 caput
1214 3075 1321 3158 Cotyis
1350 3075 1495 3139 exhiheri
1524 3095 1593 3138 cum
1623 3075 1672 3136 in·

376 3179 548 3259 scriptione
570 3177 717 3266 βασιλέως
740 3174 861 3254 Κότυος,
894 3178 927 3240 in
953 3199 1065 3242 aversa
1092 3184 1187 3260 capuit
1213 3179 1382 3243 Hadriani
1403 3183 1432 3242 et
1455 3197 1556 3241 auitos
1577 3197 1673 3240 acrae

379 3281 588 3363 Bosporanae
609 3280 779 3361 niscuptos
799 3279 873 3343 inde
895 3281 935 3343 oh
960 3301 989 3344 a.
1009 3286 1074 3345 420
1094 3302 1191 3362 asotia
1213 3281 1257 3344 od
1279 3303 1309 3346 a.
1332 3285 1397 3346 429
1419 3307 1461 3332 =
1483 3281 1670 3345 1231124-

379 3387 515 3448 1311132
549 3381 669 3446 Eckhet
698 3381 743 3446 ΙΙ
760 3404 797 3464 p.
821 3386 899 3458 378,
937 3382 1072 3466 catalogi.
1109 3385 1208 3448 musei
1244 3382 1456 3448 Londinensis
1485 3403 1522 3464 p.
1545 3385 1584 3444 61
1612 3399 1670 3462 sq„

381 3484 495 3549 Kohne
517 3484 563 3548 II
575 3506 613 3567 ρ.
628 3487 691 3550 255
704 3505 768 3566 sqq.
792 3485 833 3566 cs.
850 3507 887 3567 p.
902 3489 973 3550 381.

444 3588 515 3651 Rex
544 3586 682 3672 Bospori
713 3609 742 3649 a.
768 3587 1105 3652 1231124-1311132
1135 3589 1200 3662 ut,
1230 3589 1367 3664 nummi,
1397 3587 1541 3670 Phiepon
1561 3587 1604 3667 [r.
1626 3591 1672 3652 20

378 3688 512 3772 Frapm.
538 3687 691 3753 Historia.
721 3687 834 3754 Graec.
856 3689 923 3754 ΙΙΙ
939 3713 976 3773 p.
1000 3696 1071 3755 607.
1115 3690 1265 3755 Mortuus
1295 3702 1344 3756 est
1372 3713 1402 3755 a.
1426 3689 1577 3770 1311132,
1605 3710 1672 3774 quo

380 3803 525 3877 tempore
558 3789 690 3855 Flavius
723 3791 884 3855 Arrianus
925 3793 1106 3879 Bosporum
1144 3795 1312 3877 navigavit
1348 3803 1381 3856 et
1413 3792 1454 3856 de
1487 3814 1526 3856 ea
1558 3813 1593 3855 re
1628 3791 1672 3856 ad

381 3894 584 3959 Hadrianum
614 3895 744 3979 scripsit
773 3894 938 3981 Periplum
968 3897 1025 3980 qui
1055 3907 1161 3960 extat:
1194 3899 1258 3961 ἐπεὶ
1285 3898 1318 3960 δὲ
1340 3895 1550 3982 ἐπυνθανόμην
1574 3892 1671 3958 Κότυν

378 3996 619 4084 τετελευτηκέναι
647 3998 698 4061 τὸν
720 3997 852 4084 {Basilia
880 4004 933 4062 τοῦ
956 3997 1115 4085 Βοσπόρου
1141 4006 1193 4064 τοῦ
1217 3997 1381 4085 Κιμμερίου
1403 3997 1588 4083 καλουμένου
1611 3998 1673 4061 ἐπι·

381 4103 470 4188 palie
498 4101 683 4187 ἐποιησάμην
709 4101 757 4164 καὶ
786 4103 835 4166 τὸν
867 4101 955 4187 μέχρι
980 4107 1032 4166 τοῦ
1062 4099 1219 4186 Βοσπόρου
1249 4107 1340 4166 πλοῦν
1370 4102 1506 4188 δηλῶσαί
1533 4121 1578 4164 σοι
1607 4105 1671 4163 κτλ.

381 4203 616 4286 Peripla17
636 4201 682 4266 ed.
705 4202 857 4270 Herchcr.

318 4307 401 4371 1273
423 4305 473 4370 Ti.
503 4304 608 4369 Iulius
637 4303 756 4389 Cotys,
794 4327 853 4368 rex
885 4305 1022 4391 Bospori
1055 4313 1266 4384 manamaur,
1297 4308 1332 4370 in
1363 4305 1465 4369 titulis
1496 4304 1673 4369 Tarmitieis

378 4429 491 4492 praece
519 4409 648 4490 scriptis
676 4407 860 4490 Latyschec,
890 4408 1118 4492 [ascriptiones
1146 4413 1237 4493 rcpni
1265 4409 1450 4492 Bosporani
1475 4429 1508 4472 n.
1530 4411 1595 4472 432
1615 4407 1673 4488 (1).

380 4516 445 4577 452
460 4512 479 4595 (
489 4510 517 4592 ).
536 4515 596 4576 453
611 4509 674 4591 (3);
694 4511 832 4592 sortasse
847 4516 877 4575 et
890 4513 926 4575 in
939 4513 1051 4578 mutilo
1065 4519 1134 4577 455.
1150 4549 1193 4558 -
1208 4511 1342 4577 Nummi
1354 4508 1475 4575 actua
1489 4509 1537 4574 ΙΙ
1547 4531 1583 4592 ρ.
1597 4514 1672 4586 380,

381 4613 545 4696 catalopus
566 4613 666 4677 masei
687 4613 898 4678 Londineusis
914 4636 950 4696 p.
969 4621 1020 4690 72,
1049 4614 1163 4678 Ko'hne
1184 4613 1276 4697 Hp.
1296 4619 1359 4678 310
1376 4633 1451 4694 sqq„
1481 4613 1517 4676 iu
1538 4611 1672 4676 adversa

381 4721 477 4800 capuci
497 4717 581 4798 repis
603 4715 748 4780 cohihent
770 4737 839 4779 curu
860 4717 1067 4799 inscriptione
1089 4717 1235 4804 βασιλέως
1255 4715 1376 4793 Κότυος,
1399 4716 1434 4778 iu
1449 4735 1562 4778 aversa
1576 4721 1673 4798 caput

381 4818 683 4884 nuenarianae
704 4823 734 4882 et
755 4840 856 4883 annos
878 4841 973 4884 aerae
986 4819 1196 4902 Bosporanus
1217 4821 1385 4901 inscriptos
1407 4818 1480 4882 inde
1502 4819 1543 4881 ab
1562 4839 1593 4884 a.
1608 4823 1674 4884 524

379 4943 476 5004 nsqim
497 4921 542 4986 ad
562 4943 592 4986 a.
614 4925 685 4986 530.
