3818 5620
237 358 474 416 APOLLONIVS
889 353 950 418 113
1358 361 1592 418 APOLLONIVS

304 562 377 622 ante
398 557 559 622 saeuitum
580 557 647 623 ΙΙΙ
669 579 733 622 uon
756 564 958 623 memoratur.
1005 559 1092 623 Nom
1122 558 1205 641 quod
1230 557 1381 641 hodieque
1409 579 1473 623 non
1502 558 1596 624 semol

304 660 348 725 ad
376 681 444 724 urm
468 661 609 742 refertur
631 660 788 743 Apuleius
818 661 941 744 apotoy.
967 667 1008 726 90
1036 662 1206 727 secundnm
1235 662 1395 727 lectionem
1423 660 1594 744 culpatam,

302 785 409 828 aeram
433 763 499 827 ‘vel
514 762 764 848 Apollobeches'
790 763 931 828 codicum
952 765 1085 847 oestipia
1107 769 1230 829 secutus
1251 763 1435 828 iamdudum
1456 765 1595 828 restituit

301 866 342 934 G.
358 865 489 949 Kretper
498 887 533 950 p.
550 870 612 930 100
628 865 674 933 ed.
692 865 814 949 apolop.
850 865 985 931 Saeculo
1001 867 1067 930 III
1081 869 1207 931 ineunte
1228 868 1316 932 iussu
1331 866 1437 931 Iuliae
1449 866 1595 931 Danaae

302 968 468 1053 Ampirstae
482 969 637 1053 (mortuae
652 990 683 1032 a.
699 973 774 1053 217)
790 967 1009 1034 Philostratus
1023 971 1122 1034 citam
1137 969 1304 1052 Apollonii
1317 970 1454 1035 scrihere
1470 989 1595 1054 appres-

301 1091 355 1137 sns
384 1077 437 1137 est.
491 1073 554 1153 Qui
585 1075 730 1136 auctores
761 1072 906 1135 nominat
934 1073 999 1154 (oit.
1028 1071 1060 1154 3)
1093 1073 1275 1136 Maximum
1303 1072 1505 1154 Aspicnsem,
1541 1073 1596 1154 qui

303 1174 442 1240 libellum
463 1175 611 1240 derebus
638 1175 679 1238 ab
702 1173 873 1256 Apollonio
895 1173 995 1257 Aepis
1022 1176 1119 1257 pestis
1148 1176 1335 1257 confecerat,
1361 1173 1594 1258 Moerapenem,

301 1279 361 1360 pni-
377 1282 526 1360 peattuor
555 1277 653 1342 libros
675 1276 713 1342 de
735 1298 770 1342 eo
792 1281 1027 1359 composuerat,
1057 1277 1228 1342 Damidem
1255 1277 1424 1360 Assyrium
1454 1277 1596 1341 comitem

302 1385 333 1445 61
347 1380 535 1464 discipulum
550 1380 727 1463 Apollonii,
751 1401 840 1462 quem
849 1381 1052 1462 potissimum
1068 1380 1174 1445 ducem
1190 1379 1405 1446 Philostratus
1419 1401 1452 1444 se
1468 1379 1595 1462 elepissc

303 1483 485 1566 profitetur.
527 1483 579 1547 Ac
601 1482 826 1565 Moerapenem
855 1482 978 1564 quidone
1008 1505 1043 1548 re
1070 1504 1146 1548 vera
1172 1483 1209 1547 de
1237 1482 1410 1566 Apollonio
1438 1481 1595 1564 quaedam

301 1587 464 1668 scru'psisso
471 1607 534 1669 per
548 1585 709 1668 Oripinem
721 1584 790 1649 ado.
813 1584 893 1651 Cels.
903 1589 931 1662 6,
940 1591 980 1650 41
990 1587 1071 1650 satis
1082 1591 1204 1651 constat
1214 1607 1312 1668 neque
1327 1590 1372 1650 est
1387 1606 1443 1650 cnr
1452 1583 1596 1649 Maximi

303 1686 1593 1770 lihellusinsuspicionemocniat;sedDamisillenu-momuinoentiteritunqnam,

300 1811 365 1855 non
378 1791 445 1855 sinc
461 1811 558 1855 conso
574 1791 730 1854 dubitavit
746 1789 824 1855 Chr.
836 1789 939 1868 Bour,
955 1790 1146 1874 Apollonius
1161 1812 1220 1856 oon
1237 1791 1349 1874 Tyana
1363 1790 1430 1854 and
1446 1789 1595 1856 Christus

304 1915 339 1975 p.
357 1898 425 1958 115.
463 1893 660 1958 Philostrato
683 1898 787 1957 autem
808 1895 874 1975 ipsi
892 1899 1046 1974 qeratenus
1061 1893 1139 1978 fides
1153 1893 1299 1958 habenda
1320 1899 1406 1970 esset,
1425 1899 1595 1976 postquam

302 1996 387 2061 alius
409 1995 474 2061 alio
494 1995 585 2060 modo
608 1995 761 2060 indicauit
784 1994 839 2076 (ef.
862 1995 956 2060 Baar
972 2019 1007 2080 p.
1032 2001 1075 2062 12
1096 2016 1171 2078 sqq,
1196 1997 1233 2060 dc
1254 1997 1480 2061 recentioribus
1496 2018 1595 2079 prac-

301 2100 455 2181 fationem
467 2099 610 2181 Kapscri
623 2098 669 2162 cd.
686 2097 818 2162 alterius
827 2119 863 2180 p.
877 2100 901 2162 I
905 2097 1030 2180 Vsqq),
1049 2119 1118 2164 curn
1131 2099 1296 2181 perocculto
1311 2099 1461 2179 fabulosa
1470 2101 1594 2181 partim

304 2203 344 2266 ah
368 2201 443 2266 aliis
464 2201 648 2284 sumpsisse,
676 2201 801 2284 partim
830 2205 938 2283 suopte
959 2202 1084 2284 inpcnio
1108 2201 1268 2266 addidisse
1289 2223 1379 2266 nenio
1401 2203 1467 2265 iam
1488 2208 1593 2285 nepot.

303 2304 380 2370 Meo
401 2303 524 2386 quidem
546 2302 665 2368 iudicio
683 2303 830 2386 fabulam
845 2302 1099 2386 philosophicam
1115 2303 1215 2386 plano
1239 2303 1346 2368 codem
1368 2305 1492 2369 ratione
1512 2325 1592 2369 com·

303 2406 422 2492 posuit,
445 2427 509 2488 quta
530 2405 661 2488 sabulos
681 2407 816 2470 eroticas
837 2407 1031 2488 seripserunt
1050 2407 1209 2490 sophistae
1231 2409 1286 2488 qui
1300 2406 1449 2471 dicuntur
1463 2407 1536 2472 inde
1552 2408 1593 2472 ah

301 2510 535 2575 Antoninorum
558 2514 671 2574 aetate.
711 2507 792 2574 Cam
815 2515 919 2573 autern
942 2531 963 2573 a
983 2508 1180 2574 Philostrato
1197 2509 1392 2592 posteriores
1407 2509 1593 2592 plerumque

303 2612 480 2698 pendeant,
510 2611 568 2676 hoc
598 2611 664 2677 loco
686 2612 744 2677 uhi
763 2633 826 2676 non
850 2612 886 2677 de
907 2613 1045 2694 imapinc
1067 2614 1220 2694 sapientis
1241 2611 1451 2696 Ppthaporici
1470 2611 1594 2694 qualem

302 2721 417 2801 postea
437 2716 614 2798 finanum,
637 2715 693 2780 scd
714 2715 750 2780 de
770 2716 865 2780 rohas
887 2715 1037 2792 externis,
1064 2720 1100 2779 ut
1120 2716 1167 2778 ita
1190 2715 1294 2780 dicam
1314 2715 1467 2792 hominis,
1490 2714 1594 2797 quatis

300 2819 373 2901 fait,
396 2817 609 2883 solummodo
632 2839 725 2901 apere
747 2817 828 2894 licet,
846 2837 956 2900 paeroa
977 2821 1051 2882 sunt
1072 2839 1152 2899 quac
1174 2816 1290 2896 afferri
1305 2819 1439 2900 possint.

369 2920 546 2987 Orimtdum
574 2922 673 3003 fuisse
702 2943 740 2985 eu
763 2921 840 2984 arbo
868 2919 1090 3003 Cappadociae
1117 2921 1234 3005 Tyenis
1249 2926 1382 3004 praeter
1403 2923 1500 2984 uitam
1522 2924 1551 2997 1,
1574 2923 1594 2983 4

300 3024 468 3108 confirmat
490 3025 652 3088 mucianus
675 3023 695 3087 l.
719 3023 739 3090 l.
786 3023 902 3088 Necem
923 3023 1107 3088 Domitiani
1128 3023 1235 3088 eadem
1256 3023 1354 3100 hora,
1385 3043 1449 3104 qna
1469 3022 1592 3088 Rornae

301 3131 438 3210 peracta
453 3131 507 3204 cst,
525 3125 647 3209 Ephesi
660 3128 693 3212 (ἢ
709 3130 758 3191 καὶ
773 3127 899 3211 ἑτέρωθι
915 3125 1087 3208 Xiphilin)
1097 3126 1217 3210 populo
1226 3125 1445 3208 proclamasse
1460 3126 1591 3207 scropsc-

299 3233 375 3293 rnnt
395 3227 613 3293 Philostratus
635 3232 664 3292 et
681 3227 747 3292 Dio
769 3226 899 3293 Cassius
921 3228 1100 3312 (Xiptulin.
1124 3233 1173 3304 67,
1198 3227 1261 3309 18).
1302 3228 1499 3308 Quorrmaam
1521 3247 1593 3292 con·

299 3332 406 3397 sensui
431 3330 592 3395 hominum
621 3329 757 3395 eiusdem
787 3331 902 3394 aetatis
931 3331 1018 3396 haud
1046 3333 1095 3395 ita
1124 3330 1256 3395 multum
1279 3351 1342 3413 per
1363 3349 1395 3394 se
1418 3329 1591 3407 tribuerim,

301 3439 405 3499 touren
426 3453 496 3498 cuni
516 3430 700 3497 Domitiani
720 3433 912 3516 temporibus
934 3433 1008 3497 benc
1031 3435 1215 3498 conveniant
1236 3454 1316 3514 quoae
1338 3433 1376 3497 de
1394 3433 1593 3516 pravissimis

300 3537 477 3603 inimicitiis
498 3537 581 3600 iuter
602 3534 810 3618 Apollonium
832 3540 861 3599 ct
882 3534 1082 3617 Euphratem
1111 3535 1165 3620 (cf.
1188 3535 1223 3600 E
1243 3539 1296 3621 91)
1320 3537 1399 3600 ortis
1422 3533 1593 3599 tradantur

299 3641 353 3704 ait.
376 3643 406 3716 1,
430 3643 486 3716 13;
506 3643 538 3714 2,
562 3642 623 3716 27,·
644 3641 673 3714 5,
696 3641 749 3704 27.
771 3642 821 3702 31.
844 3643 895 3702 33.
918 3641 968 3702 34.
991 3642 1041 3705 37.
1063 3642 1113 3703 38.
1136 3643 1193 3716 39,·
1214 3643 1242 3715 6,
1267 3642 1341 3705 7-9.
1365 3644 1422 3716 13;
1443 3643 1474 3715 8,
1498 3642 1592 3704 7.11.

304 3741 510 3824 Quiantumois
532 3739 615 3804 enim
638 3741 670 3804 in
697 3741 899 3804 enarratione
930 3761 1039 3804 earum
1061 3740 1277 3804 Philostratus
1306 3762 1328 3804 a
1356 3739 1418 3823 fide
1440 3739 1594 3804 historica

300 3845 402 3926 afuit,
425 3841 632 3925 philosophos
659 3842 732 3906 illos
759 3864 794 3907 re
822 3863 897 3906 ocra
926 3843 1101 3908 simultates
1123 3863 1188 3924 pro
1211 3843 1391 3907 diversitate
1412 3841 1593 3906 scholarum

299 3947 472 4012 coercuisse
500 3965 564 4009 uon
591 3943 680 4009 indeo
710 3965 767 4008 cur
792 3966 945 4028 nepcnms.
983 3945 1050 4011 Sed
1069 3967 1167 4027 neque
1192 3965 1251 4026 quo
1275 3965 1359 4009 anno
1379 3950 1474 4009 natus
1495 3967 1593 4027 neque

298 4069 359 4130 qno
374 4052 514 4112 mortuns
528 4048 571 4112 sil
585 4045 785 4130 Apollonius,
809 4049 991 4112 accuratius
1007 4049 1139 4132 definire
1162 4049 1242 4112 lioct.
1289 4047 1377 4112 Nom
1400 4067 1469 4111 curu
1491 4069 1529 4112 ea
1551 4048 1593 4112 iis
1640 4121 1644 4128 ¹

299 4171 379 4233 quae
400 4151 517 4226 uita1,
542 4153 585 4214 12
615 4155 825 4226 enarrantur,
856 4151 993 4214 coru'cias
1015 4151 1222 4233 Apollonium
1251 4149 1400 4232 ephohemt
1429 4151 1528 4231 fuisse
1557 4171 1592 4213 eo

300 4257 445 4336 tcurpore,
475 4253 532 4316 uhi
556 4251 735 4317 Archelaus
758 4273 815 4316 rea
842 4251 1066 4336 Cappadociae
1095 4251 1149 4334 (cf.
1172 4253 1205 4316 A
1225 4257 1303 4336 832)
1330 4254 1364 4317 in
1385 4253 1592 4335 suspicionem

300 4355 529 4420 coniurationis
549 4356 634 4418 venit
659 4354 694 4418 id
715 4359 760 4418 est
782 4355 839 4418 suh
863 4355 990 4418 initium
1008 4356 1135 4437 imperii
1150 4355 1279 4432 Tiberii,
1289 4360 1403 4437 posteo
1417 4354 1500 4417 idom
1515 4352 1592 4416 Phi·

301 4457 451 4523 lostratus
467 4459 497 4534 8,
513 4461 557 4522 29
577 4457 743 4521 obscurum
758 4476 821 4521 esso
829 4459 1005 4539 professus,
1027 4457 1153 4540 quando
1169 4458 1321 4540 quomodo
1335 4478 1396 4539 quo
1412 4457 1477 4521 loco
1492 4454 1592 4538 Apol-

300 4561 402 4626 lonius
423 4561 491 4624 cita
512 4561 699 4636 excessisse,
724 4558 849 4624 addidit
872 4559 934 4626 οὐδ’
958 4562 1030 4645 ὑπὲρ
1046 4562 1161 4646 ἡλικίας
1175 4566 1226 4625 τοῦ
1249 4562 1355 4645 ἀνδρὸς
1376 4559 1491 4644 εἴρηται
1506 4559 1592 4622 οὐδὲν

299 4671 343 4750 τῷ
364 4663 479 4749 Δάμιδι,
507 4663 585 4727 ἀλλὰ
604 4667 665 4733 τοῖς
687 4664 740 4748 μὲν
762 4665 956 4748 ὀγδοήκοντα,
978 4669 1039 4734 τοῖς
1061 4661 1087 4728 δ’
1110 4665 1184 4750 ὑπὲρ
1203 4664 1240 4728 τὰ
1267 4663 1452 4744 ἐνενήκοντα,
1475 4665 1535 4732 τοῖς
1559 4663 1592 4726 δὲ

301 4767 349 4831 καὶ
371 4765 473 4852 πρόσω
493 4773 553 4830 τῶν
577 4767 684 4831 ἑκατὸν
713 4766 822 4830 ἐλθεῖν.
865 4767 936 4848 Ipsi
951 4765 1143 4849 paulopost
1164 4765 1347 4830 Domitiani
1366 4769 1497 4830 utorletn
1518 4783 1591 4828 uus·

302 4889 397 4950 qnam
418 4869 631 4951 conparuisse
652 4867 785 4932 videtur.

288 4975 501 5031 Prosopographu
513 4974 575 5030 Imp.
588 4974 657 5018 Rom.
686 4975 706 5018 1.
1369 4969 1387 5025 8
