3732 5622
183 270 345 326 CLODIVS
832 261 893 326 417
1373 269 1532 326 CLODIVS

314 466 350 534 C.
375 465 396 534 f.
421 465 456 532 C.
479 487 510 531 n.
533 467 614 549 fasti
633 464 710 550 Cap.
749 465 871 532 Consul
893 465 1048 530 suffectus
1071 486 1112 529 ex
1135 464 1200 530 kal.
1223 465 1284 530 Iul.
1307 489 1336 532 a.
1359 467 1380 530 4
1401 468 1483 548 fasti
1497 507 1535 515 -

249 569 367 636 Ovidio
391 579 504 655 poetae
526 570 792 634 familiarissimas
814 568 875 634 luit
891 567 1026 634 Clodius
1041 568 1177 633 Licinus
1200 567 1388 650 consularis,
1412 569 1537 634 histori-

247 695 313 756 cus,
333 673 390 758 qui
406 694 480 736 eum
498 671 674 738 admodum
690 692 865 756 pauperem
881 670 1058 736 decessisse
1076 671 1176 736 tradit
1197 681 1229 736 et
1250 669 1446 737 liberalitate
1466 695 1534 756 sua,

247 774 354 860 quoad
376 775 506 856 vixerit,
530 785 744 840 sustentatum
760 773 887 840 Saetoa.
907 773 944 838 de
955 795 1090 856 gramm
1105 779 1167 852 20;
1190 773 1322 840 Clodius
1344 775 1477 852 Licinus
1500 777 1534 839 in

246 877 329 942 libro
352 879 446 942 tertio
469 899 577 941 rerum
595 877 815 942 Romanarum
838 874 938 940 refert
950 877 1020 941 Lia.
1037 881 1091 953 29,
1106 880 1161 954 22,
1179 883 1219 940 10
1242 875 1291 956 (de
1313 877 1407 942 rebus
1429 899 1458 942 a.
1473 881 1534 942 560

246 980 517 1064 :1949estis),·
545 981 679 1045 Licinus
710 979 865 1062 (traditur
886 980 1047 1062 Licinius)
1077 1001 1185 1044 rerum
1207 981 1426 1046 Romanarum
1453 979 1534 1046 libro

246 1085 399 1148 vicesimo
422 1085 526 1169 primo
549 1085 668 1148 citatur
683 1082 767 1150 Noa.
787 1103 811 1147 s.
833 1103 859 1150 a.
876 1082 1060 1166 patibulum
1075 1105 1113 1166 p.
1127 1087 1203 1160 221,
1227 1081 1360 1149 Clodius
1381 1082 1535 1164 (traditur

245 1185 415 1268 Claudius)
438 1208 546 1251 rerum
566 1187 783 1250 Romanarum
805 1185 888 1250 libro
910 1185 1100 1250 duodecimo
1123 1185 1166 1250 id.
1189 1205 1212 1252 s.
1236 1207 1264 1250 a.
1280 1187 1396 1268 pristis
1410 1207 1447 1270 p.
1463 1189 1532 1252 535.

178 1289 244 1352 920
264 1297 304 1352 Μ.
328 1297 486 1353 CLODIVS
509 1297 710 1370 LVNENSIS,
741 1286 854 1352 consul
876 1287 1058 1370 (suffectus)
1081 1287 1182 1352 XlllI
1204 1287 1239 1352 k.
1260 1286 1375 1352 Octob.
1398 1309 1470 1352 oum
1495 1288 1530 1352 P.

245 1391 371 1456 Licinio
388 1389 505 1456 Crasso
522 1391 579 1456 sub
603 1393 729 1456 initium
750 1390 869 1455 saeculi
883 1390 908 1455 I
917 1395 994 1474 post
1016 1413 1046 1455 a.
1061 1394 1123 1455 105
1136 1389 1197 1456 XI
1200 1389 1323 1456 14057
1342 1396 1363 1459 t.
1379 1391 1531 1472 Fidenae,

242 1515 331 1576 assera
351 1495 461 1578 possuit
483 1494 613 1559 libertus
633 1494 762 1576 quidam
783 1492 858 1558 Iulii
883 1493 1041 1574 Quadrati
1064 1516 1128 1558 cos.
1151 1494 1194 1561 II.

175 1597 238 1660 931
265 1595 398 1662 Clodius
420 1597 541 1678 Macer,
564 1596 604 1660 de
625 1619 688 1682 quo
713 1598 886 1684 imperator
901 1596 1087 1661 Hadrianus
1103 1595 1144 1660 ad
1160 1596 1339 1662 Vitrasium
1356 1597 1533 1662 Pollionem

244 1697 387 1782 legatum
407 1700 595 1785 provinciae
617 1699 845 1782 Lugdunensis
869 1699 1035 1784 rescripsit
1057 1698 1257 1764 Modestinus
1282 1698 1404 1784 Diyest.
1427 1705 1479 1778 27,
1503 1706 1532 1776 1,

242 1805 365 1880 15,17,·
385 1802 523 1884 fortasse
545 1825 583 1867 aa
595 1804 735 1886 posteris
756 1803 823 1868 crus
845 1803 900 1884 qui
919 1804 1069 1886 sequitur.

175 1904 241 1968 922
264 1914 297 1968 L.
321 1913 479 1969 CLODIVS
502 1913 643 1969 MAGER.
679 1904 811 1969 Nummi
832 1906 898 1969 eius
912 1905 1068 1988 perrrmlti
1089 1909 1198 1970 eatant
1220 1906 1287 1970 assi
1300 1911 1377 1989 post
1394 1905 1532 1972 Neronis

240 2028 344 2073 aecem
366 2009 400 2072 iu
422 2007 551 2090 Africa,
574 2027 650 2089 araas
669 2008 840 2089 coraposuit
864 2006 995 2083 Mallcr,
1022 2006 1275 2090 Nummmatiqae
1298 2007 1335 2072 dc
1357 2008 1530 2075 l’auaicuae

242 2111 380 2193 Afrique
402 2111 448 2176 ΙΙ
465 2133 502 2194 ρ.
522 2116 583 2174 170
603 2133 634 2174 u.
653 2115 716 2176 389
736 2150 774 2158 -
787 2133 822 2194 ρ.
839 2115 900 2175 171
921 2131 952 2174 a.
969 2114 1043 2177 392.
1087 2109 1144 2175 Ad
1170 2132 1303 2193 quorum
1324 2113 1480 2176 rationem
1502 2117 1532 2176 ot

241 2217 380 2297 foratam
409 2214 631 2278 illiustraudam
660 2213 737 2278 baec
766 2213 907 2296 eaerrmla
928 2214 1109 2296 sufficiant:
1141 2213 1174 2297 a)
1196 2236 1228 2279 u.
1250 2218 1312 2278 380
1334 2214 1372 2280 L.
1396 2214 1530 2280 Clodius

241 2315 362 2394 Macer,
386 2322 482 2399 caput
503 2316 621 2380 uadum
642 2315 761 2394 Macri,
785 2318 818 2382 ia
841 2337 949 2399 campo
974 2317 1006 2382 S.
1027 2315 1063 2384 C.
1086 2317 1115 2396 ll‘
1131 2317 1373 2402 Proprae(tore)
1389 2317 1528 2402 Africae,

243 2419 411 2493 blaesa
434 2419 471 2484 L.
496 2418 588 2485 Clodi
616 2419 718 2484 Macri
742 2419 941 2501 Liberatrix,
973 2424 1068 2502 caput
1088 2419 1240 2502 Africae,
1266 2419 1299 2486 S.
1323 2419 1360 2486 C.
1386 2423 1415 2484 ll·
1437 2422 1531 2504 siqua

243 2523 430 2606 legionario,
454 2520 498 2586 ad
518 2543 598 2603 quae
620 2521 815 2604 adscriptum
836 2521 1528 2607 estLeg(i0)111Aug(usta)Lib(eratrix),

242 2623 270 2697 o)
298 2646 329 2688 a.
352 2628 417 2690 383
445 2625 484 2692 L.
511 2623 605 2691 Clodi
631 2624 734 2689 Macri
765 2624 798 2691 S.
822 2623 859 2692 C.
891 2625 921 2706 ll
952 2624 996 2690 ad
1024 2625 1116 2707 abac
1146 2623 1324 2709 legionario
1352 2626 1483 2710 Legtio)
1513 2628 1529 2691 Ι

241 2727 457 2811 Lib(eratrix)
477 2729 652 2794 Macriana.

306 2829 412 2896 Plena
432 2833 562 2896 maaziau
584 2830 728 2894 exhiberet
748 2832 878 2906 aruarmi,
901 2829 1034 2896 Clodius
1054 2829 1165 2894 Macer
1186 2831 1273 2912 apud
1293 2833 1470 2913 scriptores,
1488 2871 1527 2881 -

242 2934 384 3017 Legatus
402 2934 435 2998 in
452 2933 564 3000 Africa
583 2935 656 2999 Tac.
672 2933 702 2997 b.
720 2939 749 3010 4,
765 2939 814 3010 41,
835 2933 964 2999 Sueten.
982 2932 1089 2996 Galba
1104 2937 1153 3007 11,
1176 2933 1294 2997 scilicet
1316 2933 1447 3015 legionis
1461 2935 1528 2999 ΙΙΙ

241 3036 406 3120 Augustae
428 3038 462 3100 iu
486 3036 643 3100 Numidia
669 3036 829 3101 tendentia.
876 3034 944 3100 Sub
966 3035 1063 3099 finem
1085 3035 1211 3120 imperii
1234 3034 1370 3098 Neronis
1392 3035 1529 3099 descivit

241 3161 347 3224 neque
377 3139 503 3207 Galbae
532 3162 566 3203 se
594 3138 744 3204 adiunxit
769 3138 935 3206 Plutarch.
960 3138 1068 3204 Galba
1089 3143 1118 3204 6.
1161 3138 1203 3203 Id
1230 3137 1313 3220 quod
1340 3139 1530 3221 confirmant

240 3242 368 3318 naarai,
392 3242 554 3324 inquibus
575 3262 695 3324 semper
712 3243 779 3324 scra
802 3241 932 3307 additur
954 3241 1111 3323 denatae)
1135 3239 1307 3324 c(onsulto)
1331 3247 1359 3306 ct
1381 3242 1529 3323 iaprirar's

239 3365 382 3409 numurus
398 3367 428 3420 a,
451 3345 508 3408 ubi
527 3343 658 3410 Clodius
680 3365 711 3409 sa
734 3346 799 3426 msc
815 3344 891 3408 dicit
905 3365 968 3408 aaa
983 3345 1049 3408 iam
1065 3343 1209 3426 legatum,
1233 3343 1288 3409 sed
1304 3365 1362 3429 pro
1382 3356 1528 3427 praetore

241 3447 276 3510 iu
297 3468 414 3512 rnorem
437 3446 555 3512 liberae
577 3446 799 3529 reipublicae.
837 3448 949 3528 Itaque
972 3445 1079 3510 eadem
1100 3448 1224 3510 rationo
1249 3451 1340 3528 atque
1364 3447 1528 3528 Verginius

239 3549 356 3630 Rufus,
379 3571 510 3631 quocum
533 3548 730 3614 Plutarchus
751 3549 770 3613 l.
793 3548 813 3613 l.
838 3571 907 3613 eum
929 3550 1109 3631 conmosuit,
1134 3549 1284 3612 iudicium
1307 3549 1343 3614 dc
1365 3550 1528 3632 republica

240 3652 456 3716 roaditucrida
466 3653 608 3734 priorum
622 3653 747 3716 senatui
762 3651 941 3734 populoque
956 3651 1103 3716 Romano
1117 3672 1290 3716 rasura-sse
1304 3651 1436 3716 uidetur.
1461 3651 1528 3716 Nec

240 3758 344 3818 tamar
358 3759 529 3837 postquam
550 3753 659 3818 Galba
676 3774 697 3817 a
712 3759 823 3818 sauata
844 3755 1018 3835 imperator
1032 3754 1160 3836 aquilus
1180 3758 1233 3830 cst,
1257 3775 1289 3820 sc
1310 3755 1451 3832 subiecit,
1475 3754 1529 3819 scd

239 3857 372 3940 speciem
385 3857 578 3921 restitutores
593 3857 711 3921 liberae
725 3858 775 3920 roi
790 3855 939 3938 publicae
955 3857 1192 3938 praeseferre
1207 3859 1438 3939 perseuerare
1460 3857 1527 3922 ἀλλ’
1548 3893 1553 3906 ·

239 3963 255 4026 b
274 3962 327 4046 μὲν
346 3957 482 4030 Κλώδιος
505 3963 536 4024 ἐν
560 3962 705 4045 ἁρπαγαῖς
727 3961 907 4045 πραγμάτων
930 3963 1060 4045 γεγονὼς
1079 3963 1127 4024 καὶ
1144 3959 1244 4044 φόνοις
1266 3963 1381 4046 ἀνδρῶν
1399 3960 1435 4027 δι’
1451 3961 1527 4046 ὠμό-

239 4088 311 4148 τητα
333 4065 381 4128 καὶ
403 4064 571 4132 πλεονεξίαν
597 4065 687 4146 δῆλος
708 4063 743 4146 ἦν
760 4065 791 4128 ἐν
806 4073 850 4148 τῷ
873 4065 946 4148 μήτε
968 4062 1104 4146 κατέχειν
1121 4065 1194 4149 μήτε
1217 4063 1333 4148 ἀφιέναι
1355 4067 1407 4148 τὴν
1430 4067 1526 4150 ἀρχὴν

239 4165 383 4231 δύνασθαι
405 4165 636 4250 περιφερόμενος
653 4163 818 4228 Plutarab.
843 4165 862 4228 l.
888 4163 907 4228 l.
946 4163 1081 4246 Legioni
1105 4165 1154 4228 lll
1177 4163 1344 4247 Augustae
1367 4186 1526 4250 agnomen

239 4268 413 4333 liberatrici
436 4267 563 4332 addidit
583 4287 699 4331 numm.
725 4268 760 4345 b‚·
790 4268 823 4330 in
850 4265 964 4330 Africa
992 4265 1074 4347 legio
1105 4266 1316 4352 cohortesque
1343 4267 1485 4334 delectae
1508 4295 1528 4335 a

239 4369 353 4436 Clodio
383 4369 512 4451 Macro,
547 4391 622 4433 mox
650 4392 670 4433 a
699 4367 807 4436 Galba
833 4369 985 4434 dimissae
1015 4369 1087 4436 Tac.
1114 4369 1145 4433 b.
1172 4375 1204 4446 2,
1230 4375 1279 4446 97,
1302 4370 1383 4435 auda
1413 4373 1526 4437 collato

239 4493 363 4537 nummo
393 4493 409 4536 c
438 4476 572 4554 apparet
602 4471 752 4536 Macrum
785 4471 934 4553 legionem
967 4472 1093 4536 tertiam
1126 4476 1155 4536 et
1188 4472 1312 4537 auailia
1344 4475 1411 4538 cius
1438 4477 1528 4539 moris

240 4574 404 4640 dilectibus
431 4574 551 4638 babilis
580 4575 823 4656 traassormasse
851 4575 886 4638 in
914 4595 1027 4638 uariam
1056 4573 1216 4656 legionem
1247 4575 1263 4639 Ι
1292 4575 1527 4642 Liberatricem

179 4717 182 4722 ·
239 4676 448 4742 Macrianum.
492 4677 596 4758 Atque
625 4699 659 4742 ao
688 4677 771 4758 quod
799 4677 914 4758 lrffl'oai
941 4677 1126 4740 vocabulum
1152 4700 1190 4742 aa
1219 4679 1317 4759 elisius
1346 4683 1527 4760 coarroau'ac

242 4779 406 4844 deductum
424 4782 585 4862 inarertir't,
602 4781 809 4861 confirmatur
824 4799 893 4842 rura
907 4779 1037 4844 dubiam
1056 4785 1183 4844 nutasse
1198 4781 1280 4844 r‘atcr
1296 4786 1408 4862 partes
1426 4785 1526 4864 specie

239 4903 304 4946 reru
319 4883 486 4966 publicam
505 4881 708 4965 defenderitis,
731 4903 765 4946 re
787 4903 862 4945 arra
883 4881 1049 4964 imperium
1070 4885 1236 4965 surrecturi.

227 4989 437 5046 Prosopogrspbia
450 4991 512 5044 Imp.
527 4991 597 5036 Rom.
622 4991 642 5034 1.
1288 4985 1321 5038 27
