3732 5630
156 315 350 372 AVRELIVS
807 311 869 374 215
1331 318 1518 376 Avunmvs

623 414 937 422 ——--——.-...

658 423 661 431 ι

229 523 384 601 patronus
413 510 571 595 (coloniae
599 513 703 578 Iuliae
732 511 884 598 Neapolis
914 511 1047 578 Africae
1073 511 1326 600 proconsularis)
1350 513 1442 580 VIII
1458 517 1519 581 971

228 623 249 683 t.
273 616 516 700 Neapolitrmus.
1579 623 1592 705 l

162 720 248 785 1303
271 729 347 788 IMP.
364 729 468 786 CAES.
488 729 528 784 M.
545 728 732 784 AVRELIVS
753 729 920 784 SEVERVS
937 729 1172 784 ALEXANDER
1186 729 1271 785 Ave.
1291 719 1396 785 Fihus
1412 719 1519 787 Gessil

228 822 385 888 Marciani
409 823 628 908 procuratoris
651 844 692 886 ex
714 822 793 887 urbe
809 821 897 888 Arca
912 822 1040 887 oriundi
1056 833 1088 886 et
1102 822 1205 888 Iuliae
1220 824 1395 905 Mamaeae,
1419 841 1519 906 nepos

228 948 287 1011 per
307 935 443 990 matrem
465 923 541 989 Iulii
564 923 654 989 Aviti
678 934 710 988 et
731 924 834 991 Iuliae
856 925 1002 1008 Maesae,
1027 925 1238 991 consobrinus
1260 924 1430 1008 Elagabali
1453 923 1519 989 Dio

229 1034 278 1105 78,
294 1033 346 1104 30,
369 1027 546 1093 Herodian.
560 1030 591 1104 5,
605 1030 672 1102 3,3
694 1028 735 1108 ef.
757 1031 889 1092 stanna
911 1049 1011 1111 sunna
1026 1051 1062 1111 p.
1082 1035 1151 1096 196.
1191 1029 1284 1094 Male
1304 1029 1397 1093 Varii
1420 1026 1516 1108 filius,

229 1130 348 1196 Variae
363 1152 463 1216 nepos
477 1132 627 1206 ve'ta1,2
649 1131 690 1213 cf.
713 1132 767 1196 eit.
784 1131 932 1196 Maerr'ni
954 1135 992 1196 8.·
1014 1132 1126 1198 Maesa
1147 1134 1216 1198 sive
1239 1131 1349 1197 Varie.
1391 1130 1517 1214 Cogno-

228 1256 303 1300 men
325 1235 354 1298 ei
377 1234 440 1299 fuit
461 1234 639 1298 Bassianus
661 1232 727 1298 Dio
750 1238 799 1311 78,
823 1239 883 1312 30;
913 1239 963 1312 79,
986 1240 1035 1312 17,
1061 1233 1219 1308 {Alabanda
1241 1233 1418 1301 Herodian.
1443 1233 1462 1300 l.
1487 1233 1518 1308 l.,

229 1335 403 1401 Marcellus
425 1336 574 1419 Epitorae
593 1339 647 1413 23,
669 1341 690 1400 4
711 1336 752 1418 af.
776 1338 867 1418 infra
889 1336 964 1401 adn.

292 1440 397 1504 Natus
419 1448 468 1502 est
490 1437 557 1503 kal.
573 1437 772 1504 Octobribus
795 1440 875 1520 fusti
889 1439 1053 1504 Philooali
1069 1441 1094 1505 I
1098 1441 1110 1478 ⁹
1126 1462 1163 1522 p.
1179 1445 1263 1518 274;
1286 1439 1323 1504 de
1347 1459 1431 1504 anno
1452 1459 1518 1503 non

228 1547 359 1618 coastat,
383 1562 454 1606 curn
475 1540 564 1624 apud
581 1539 802 1606 Heraclianum
824 1540 844 1606 l.
868 1541 889 1606 l.
913 1564 943 1606 a.
966 1546 1031 1607 218
1054 1542 1180 1606 dicutur
1203 1546 1327 1608 δεκάτου
1351 1541 1436 1613 ἔτους
1461 1542 1520 1606 ἐπι·

230 1647 365 1734 βεβηκώς
394 1643 488 1728 (unde
515 1663 618 1708 annus
638 1643 759 1708 natalis
781 1649 846 1709 208
872 1643 1034 1728 efflatur),
1063 1651 1174 1711 contra
1196 1647 1262 1710 vita
1284 1650 1333 1722 60,
1357 1650 1377 1709 1
1400 1645 1521 1708 vixisse

229 1749 323 1813 annis
334 1747 505 1812 XXVIIII
519 1744 683 1812 mensibus
699 1746 750 1811 III
761 1745 878 1811 diebus
891 1746 965 1830 VII,
978 1746 1061 1812 unde
1077 1768 1107 1812 a.
1117 1753 1196 1826 2065
1210 1747 1265 1812 sed
1277 1747 1382 1830 falsae
1396 1747 1522 1812 camino

227 1852 380 1916 menam
405 1869 555 1915 numana
583 1852 694 1926 monet,
724 1870 765 1914 ne
785 1850 918 1914 nimium
940 1871 1097 1915 annnam
1118 1871 1247 1916 numne
1270 1851 1456 1916 tricenna.
1481 1887 1520 1896 -

231 1953 357 2018 Eodem
386 1953 440 2018 die
468 1962 580 2034 natus,
612 1973 677 2038 quo
705 1949 896 2017 Alexander
925 1952 1061 2017 Macedo
1094 1963 1242 2019 mortuus
1271 1963 1321 2018 est
1345 1954 1412 2017 vlla
1432 1957 1463 2029 5,
1486 1958 1522 2031 1;

229 2061 278 2134 13,
302 2062 339 2135 1;
362 2061 396 2122 at
417 2056 453 2121 id
472 2076 542 2121 cnm
562 2057 723 2137 referatur
744 2057 780 2119 in
802 2057 958 2121 ominibus
977 2057 1114 2139 inperii,
1137 2056 1232 2140 fidem
1253 2057 1307 2121 eia
1328 2061 1475 2122 mereim.

293 2160 398 2226 Natus
427 2169 476 2224 est
500 2158 589 2244 apud
610 2158 730 2224 Arcam
753 2157 946 2224 Caesaream
968 2161 1035 2224 nita
1054 2165 1083 2236 5,
1107 2165 1143 2238 1;
1172 2164 1222 2236 13,
1243 2163 1272 2237 5,
1305 2158 1412 2225 Vterer
1431 2158 1521 2225 Caea

230 2269 343 2342 24,1,·
371 2286 391 2328 a
419 2273 523 2328 matre
545 2264 675 2328 atavia
698 2261 868 2346 educatus,
896 2262 1046 2327 sacerdos
1073 2261 1126 2327 dei
1156 2261 1326 2346 Elagabali
1348 2261 1523 2326 Hemeseni

232 2365 406 2432 Herodian.
440 2365 460 2430 l.
495 2365 515 2431 l.
583 2366 760 2450 Postquam
796 2364 1008 2430 consobrinus
1042 2364 1128 2429 filius
1166 2363 1322 2430 Caracalli
1360 2364 1523 2450 perhiberi

232 2480 363 2555 coeptus
385 2469 558 2554 imperium
580 2468 726 2553 arripuit,
751 2467 927 2532 Bassianus
950 2477 983 2532 et
1005 2469 1074 2553 ipse
1097 2466 1139 2533 ab
1161 2467 1274 2532 eodem
1297 2489 1339 2532 ex
1356 2466 1525 2533 Mamaeae

231 2582 341 2657 stupro
368 2573 495 2654 genitus
525 2593 596 2634 esse
617 2592 638 2636 a
659 2570 770 2636 Maesa
797 2571 931 2655 eiusque
960 2570 1034 2635 liliis
1061 2570 1182 2635 dicitur
1203 2569 1380 2636 Herodian.
1401 2573 1431 2647 5,
1452 2574 1482 2648 7,
1503 2573 1525 2635 3

231 2677 272 2756 cf.
294 2673 361 2739 Dio
384 2676 432 2750 79,
455 2677 494 2738 19
518 2676 597 2738 ectr.
642 2673 681 2736 In
710 2673 815 2758 prima
840 2673 980 2758 pueritia
1001 2671 1197 2738 litteratores
1219 2671 1334 2737 habuit
1356 2669 1523 2736 Valerium

92 2843 94 2846 .
232 2775 375 2842 Cordum
399 2785 431 2840 et
451 2773 490 2838 T.
506 2773 679 2838 Veturium
702 2783 733 2838 et
752 2773 923 2839 Aurelium
946 2774 1135 2862 Philippum
1157 2774 1308 2839 libertum
1332 2774 1443 2860 patris,
1466 2775 1521 2860 qui

231 2880 332 2944 vitam
355 2879 423 2942 cius
446 2887 557 2963 postea
579 2877 612 2941 in
635 2876 758 2942 litteras
781 2877 884 2960 misit,
914 2879 1163 2961 grammaticum
1186 2879 1218 2942 in
1242 2878 1348 2963 patria
1368 2897 1522 2960 graecum

230 2982 397 3047 Nehonem
405 2979 459 3063 (l),
490 2979 650 3044 rhetorem
681 2979 907 3065 Serapionem,
942 2979 1168 3066 philosophum
1191 2978 1377 3064 Stilionem,
1401 2980 1522 3045 Romae

231 3085 456 3168 grammaticos
478 3083 673 3149 Scaurinum
697 3081 846 3148 Scaurini
867 3082 969 3148 filium
985 3081 1150 3148 doctorem
1173 3081 1426 3166 celeberrimum,
1450 3079 1521 3146 rhe-

232 3199 316 3252 tores
331 3186 451 3252 Iulium
465 3187 657 3250 Frontinum
681 3194 715 3249 et
731 3184 890 3250 Baebium
904 3185 1109 3250 Macrianum
1131 3195 1163 3250 et
1184 3183 1304 3251 Iulium
1320 3184 1521 3252 Granianum

229 3293 296 3356 olla
316 3295 346 3353 3.

295 3393 335 3459 A.
351 3394 412 3457 221
430 3390 563 3456 consilio
579 3389 710 3454 Maeeae
725 3388 923 3473 Elagabalus
939 3391 971 3454 in
992 3400 1104 3455 senatu
1122 3411 1195 3455 eum
1212 3389 1387 3476 adoptavit,
1404 3411 1522 3456 nomen

231 3493 412 3561 Alexandri
442 3495 471 3558 ei
501 3491 634 3573 indidit,
658 3489 830 3558 Caesarem
853 3495 1069 3578 nuncupavit,
1094 3504 1274 3559 consortem
1297 3492 1422 3579 imperii
1446 3493 1523 3558 fecit

228 3597 296 3664 Dio
312 3602 423 3675 79,17,
439 3594 657 3672 Herodiano,
672 3601 699 3659 7.
728 3597 815 3676 Quae
837 3595 928 3677 [acta
950 3615 1014 3660 ease
1035 3616 1138 3661 naue
1157 3596 1243 3661 Iulio
1265 3597 1390 3660 inennte
1412 3593 1522 3660 docent

229 3701 310 3783 fasti
330 3699 564 3782 cooptationem
586 3697 743 3764 sodalium
761 3698 1056 3764 Antonlnianernnt
1079 3698 1131 3763 VI
1139 3703 1235 3775 2001,
1259 3699 1314 3780 qul
1335 3699 1523 3780 coeptarunt

231 3815 270 3871 α.
283 3807 344 3868 973
366 3802 473 3887 (aerae
493 3800 696 3884 Capitolinae
718 3831 759 3853 =
781 3805 861 3888 221)
886 3802 933 3866 VI
956 3802 997 3865 id.
1020 3800 1080 3866 Iul.
1102 3823 1143 3866 ex
1166 3802 1324 3883 s(enatus)
1347 3799 1521 3882 c(0nsulto)

203 3946 207 3953 ·
234 3904 289 3989 [Μ.
304 3903 487 3988 Aureliqu
504 3901 729 3987 [Antoninqu
746 3902 980 3968 nobilissimum
996 3901 1089 3968 Caes.
1103 3903 1229 3990 imperii
1250 3951 1257 3968 .
1274 3951 1281 3966 .
1296 3951 1324 3966 ..
1346 3901 1519 3987 [heredem]

230 4005 385 4091 supplent
412 4005 585 4088 Borplesi,
616 4005 819 4089 [consortem]
851 4006 1045 4084 Mamaeam
1073 4005 1139 4072 dies
1163 4006 1336 4088 eceptiom's
1359 4006 1460 4088 periit
1487 4006 1522 4069 in

229 4110 325 4191 fustes
345 4109 543 4174 sacerdotnm
565 4109 600 4172 ln
623 4107 699 4173 aede
720 4108 806 4173 Iovis
829 4108 1083 4192 Prepnpnotoris
1105 4108 1340 4174 consateutiun
1362 4107 1413 4173 VI
1425 4111 1520 4173 2009.

234 4211 366 4296 Ternpus
388 4211 555 4296 confirmat
576 4231 722 4276 nunnus
739 4211 845 4276 Areae
871 4211 1047 4278 Caesareae
1064 4210 1185 4277 Eclbel
1199 4211 1266 4276 III
1275 4232 1311 4294 p.
1325 4215 1386 4276 361
1407 4211 1442 4274 ln
1464 4208 1520 4274 ad-

230 4336 320 4382 versa
341 4315 513 4397 incomptus
537 4311 610 4400 Αυρ.
635 4312 818 4400 Αλεξανδρος
840 4314 972 4400 Caisar,
1003 4317 1037 4380 in
1068 4334 1180 4380 aenea
1204 4313 1358 4378 Kaisaria
1379 4310 1464 4377 Bne
1487 4310 1523 4374 id

231 4425 275 4486 eat
296 4441 326 4485 a.
340 4423 405 4485 532
423 4439 518 4484 aerae
534 4416 773 4483 Seleucidarun
788 4447 829 4471 =
844 4417 874 4482 d.
891 4423 910 4482 1
926 4441 964 4483 nr.
986 4419 1053 4485 Oet.
1070 4440 1099 4482 a.
1115 4415 1272 4484 220l221.
1305 4415 1350 4480 M.
1367 4412 1520 4479 Aurelius

230 4521 417 4588 Alexander
430 4522 466 4585 ln
479 4521 615 4586 nnmnns
628 4519 733 4585 Ceben
747 4521 772 4584 I
775 4520 820 4584 V²
832 4521 1017 4586 Alexander
1030 4543 1061 4588 n.
1076 4525 1124 4585 65.
1138 4523 1207 4585 198.
1223 4524 1293 4596 199,
1310 4518 1354 4583 Μ.
1365 4515 1520 4583 Aurelius

229 4624 418 4691 Alexander
433 4621 654 4688 nobilissimus
671 4621 791 4688 Caesar
807 4622 858 4688 VI
865 4628 940 4701 323,
956 4625 1030 4709 imp.
1048 4622 1140 4690 Caes.
1155 4622 1201 4687 Μ.
1213 4620 1350 4707 Au[rell.
1364 4620 1520 4686 Antonini

232 4727 262 4811 f.‚
279 4727 348 4792 divi
363 4725 530 4810 Antonini]
546 4725 659 4809 Magni
675 4747 784 4811 nepos,
802 4725 881 4810 [divi
898 4725 1010 4791 Severi
1027 4727 1077 4790 Pii
1092 4747 1263 4812 pronepos,
1280 4723 1324 4789 M.
1340 4721 1521 4808 Aurelliu]s

229 4828 440 4914 Alex[ander]
569 4829 635 4894 ΙΙΙ
654 4828 688 4895 S.
717 4827 793 4910 ent.
815 4827 881 4896 mil.
905 4828 1076 4894 LXXXV
1090 4827 1174 4893 0000
1201 4825 1424 4892 Alexandnnn
1451 4825 1522 4890 vico

229 4931 416 5017 Elapahalo
438 4932 618 5016 Annalem
646 4936 862 5014 nuncupatum
890 4951 954 4998 esse
979 4932 1071 4997 multi
1091 4930 1175 5014 falso
1198 4929 1387 5014 eodeeaamt
1409 4931 1519 4994 contra
