3826 5610
346 337 488 394 Anulus
1005 331 1047 396 66
1562 336 1726 394 ANNLVS

346 536 411 604 499
433 545 563 602 APPIVS
585 545 726 602 ANNIVS
750 545 907 616 GALLVS,
930 536 1043 602 consul
1065 537 1219 602 suffectus
1241 559 1270 602 a.
1293 537 1427 603 ineerta.
1464 535 1573 624 Appio
1595 535 1722 603 Annio

413 637 532 724 Gallio]
565 639 603 708 L.
638 638 803 704 Verulano
837 639 982 724 Severlo]
1020 639 1110 725 [eoa]
1145 640 1180 706 X
1212 639 1247 706 k.
1278 639 1486 727 Septembres
1516 639 1569 706 VI
1590 643 1717 715 10055,

338 767 345 774 „
411 740 570 826 Borydesi
591 763 661 826 epp.
686 741 796 808 66324
810 742 1027 826 probabriiter
1046 743 1178 808 66666666
1199 741 1314 808 6666666
1340 743 1415 809 Tac.
1439 748 1547 821 614,
1570 747 1615 809 26
1635 741 1717 824 sus-

410 845 510 928 sectos
530 863 595 910 6336
615 845 673 910 sub
695 845 790 930 finem
810 846 939 928 imperti
961 844 1100 910 Nerones
1121 842 1165 925 (a.
1188 849 1323 932 65-68)
1346 851 1376 912 66
1396 845 1539 930 Appium
1561 845 1717 910 66666666

380 969 384 977 ·
414 947 547 1014 Gallum
575 967 639 1013 6336
667 946 796 1014 eundern
824 949 881 1030 qui
901 948 1028 1014 Annius
1051 947 1165 1015 Gallus
1192 947 1234 1028 (n.
1256 949 1331 1025 491)
1361 949 1449 1032 apud
1469 949 1656 1016 8666666666
1678 952 1718 1012 66

417 1049 570 1117 Tantane.

347 1153 412 1220 498
433 1163 563 1219 APPIVS
586 1161 726 1218 ANNIVS
750 1163 904 1218 GALLVS.
942 1152 1066 1218 Titulus
1087 1155 1117 1219 ei
1132 1153 1260 1237 publice
1274 1155 1402 1238 6636663
1423 1160 1469 1220 636
1491 1155 1532 1220 ad
1556 1153 1650 1220 Eleas
1671 1153 1711 1218 in

413 1255 530 1322 caedra
557 1254 697 1321 Herodes
724 1255 829 1320 Attici
853 1255 1019 1339 Olympiae
1041 1257 1082 1337 cf.
1105 1255 1339 1340 Dittenberycn
1368 1256 1406 1322 de
1434 1257 1575 1323 Herodes
1603 1255 1714 1320 1166666

340 1379 363 1440 j
412 1359 619 1426 mannate
640 1358 822 1442 olympicis,
844 1357 940 1424 indes
960 1357 1139 1424 scholarum
1155 1359 1308 1426 Haimn's
1329 1381 1359 1427 6.
1377 1364 1516 1443 resep.
1536 1359 1588 1424 VI
1605 1358 1707 1444 0.1);

341 1531 344 1538 ,
412 1467 605 1528 maneatur
626 1462 661 1526 in
689 1465 711 1526 t.
740 1461 908 1526 Eleusinia
935 1461 1064 1544 Appiae
1092 1462 1221 1528 Anniae
1249 1461 1396 1546 16666666
1424 1461 1513 1546 filine
1543 1459 1707 1550 Ἐφημερὶς

414 1566 626 1653 aptaremus
641 1564 707 1630 III
717 1562 824 1650 (1885)
839 1587 877 1647 p.
895 1568 959 1630 152
979 1587 1011 1630 n.
1027 1570 1072 1632 28
1086 1569 1134 1650 (2)
1158 1569 1188 1632 et
1208 1565 1243 1630 in
1258 1569 1281 1632 6.
1295 1564 1405 1630 Attico
1419 1564 1523 1649 neptis
1542 1563 1622 1630 OIA
1637 1563 1705 1629 III

413 1668 520 1734 13330
540 1669 584 1753 (3)
607 1666 770 1732 66666666
792 1687 813 1731 6
834 1665 1078 1750 Ditteuberyere
1099 1667 1119 1732 t.
1143 1667 1163 1732 l.
1180 1691 1216 1751 p.
1232 1665 1309 1732 XV.

480 1769 622 1836 Nomina
637 1770 738 1853 plena
759 1769 882 1836 exhibet
904 1774 926 1835 t.
941 1776 972 1848 1,
994 1770 1121 1861 Appius
1144 1775 1165 1838 6.
1182 1776 1215 1836 2.
1230 1775 1260 1834 3.
1291 1769 1462 1852 Quaestor,
1485 1779 1616 1856 praetor
1639 1773 1660 1833 t.
1674 1774 1703 1845 1,

414 1873 525 1940 consul
542 1879 563 1938 6.
580 1879 608 1939 1.
625 1879 657 1941 2.
673 1879 704 1952 3,
724 1873 871 1960 pontifex
887 1879 908 1938 6.
924 1880 953 1942 1.
971 1880 1012 1952 2,·
1033 1883 1126 1960 pater
1141 1873 1268 1960 Appiae
1282 1873 1411 1940 Anniae
1426 1871 1572 1957 Regillus
1588 1872 1707 1939 Atilius

414 1975 590 2042 Considiae
619 1975 799 2056 Tertullae,
831 1978 943 2041 uxoris
971 1976 1022 2042 Ti.
1054 1976 1183 2043 Claudii
1215 1977 1316 2042 Attici
1347 1975 1488 2041 Herodis
1519 1981 1540 2042 t.
1567 1981 1597 2041 1.
1619 1981 1653 2040 2.
1675 1979 1705 2042 3.

413 2079 535 2146 Filius:
565 2078 692 2166 Appius
714 2079 842 2146 Annius
864 2079 985 2144 Atilius
1008 2079 1140 2144 Bradua
1168 2100 1200 2145 n.
1222 2083 1290 2148 475.
1334 2075 1462 2152 Ἄππιος
1480 2075 1596 2151 Ἄννιος
1620 2076 1707 2144 'Ano-

414 2183 588 2255 λαυστιανός
609 2187 638 2248 66
657 2179 761 2249 ”Arrun
775 2181 924 2269 Εὔτυχιάς
944 2183 979 2246 in
1002 2187 1023 2250 t.
1045 2182 1312 2248 Nemausensibus
1326 2182 1408 2248 XII
1415 2185 1498 2248 3406
1512 2182 1622 2248 trente·
1633 2187 1708 2247 sunt

413 2285 461 2352 vet
483 2285 582 2368 663663
604 2284 652 2350 666
672 2285 767 2350 66663
789 2285 991 2368 exposcens.

482 2389 571 2470 Quae
595 2386 789 2453 necessitudo
819 2387 993 2452 intercedat
1021 2387 1104 2452 inter
1132 2386 1215 2452 dunc
1244 2391 1275 2452 et
1297 2387 1442 2471 Appium
1461 2388 1607 2454 Annium
1633 2388 1708 2453 Tre-

416 2491 544 2557 bonium
578 2488 709 2555 Gallum
745 2488 902 2554 66636666
935 2511 966 2556 6.
997 2493 1059 2554 108
1082 2509 1146 2573 pro
1180 2493 1264 2555 certo
1295 2489 1470 2556 diiudicari
1501 2511 1565 2556 nan
1591 2493 1707 2574 petest.

417 2594 518 2658 Vnnnn
543 2591 699 2657 hominem
724 2591 965 2675 eistetteyendum
990 2612 1054 2658 esse
1079 2592 1149 2657 iture
1173 2591 1300 2676 6666666
1325 2591 1551 2675 Dittcnberyer
1574 2615 1610 2676 p.
1634 2592 1707 2658 VII

416 2696 437 2762 t.
454 2695 474 2760 t.
486 2697 622 2779 propter
635 2695 768 2759 nimium
781 2695 1013 2778 quinquaqinta
1027 2693 1162 2760 dunum
1176 2714 1333 2760 annorum
1346 2697 1496 2778 spatium,
1519 2695 1605 2778 quod
1625 2695 1709 2760 inter

416 2799 525 2882 patris
546 2796 590 2881 (a.
609 2800 685 2877 108)
708 2801 738 2862 66
756 2796 855 2861 Atilii
876 2795 1030 2862 Braduae
1052 2796 1115 2880 atii
1136 2794 1180 2876 (a.
1196 2801 1268 2880 160)
1291 2797 1473 2863 6663666663
1494 2797 1706 2874 intercederet,

414 2901 444 2966 si
464 2899 626 2984 Reyittam
646 2905 676 2965 et
697 2897 868 2964 Braduanc
890 2899 1026 2965 66636663
1047 2898 1136 2964 eitius
1155 2899 1240 2983 filios
1260 2904 1477 2966 statueremus.
1507 2900 1622 2982 Itaque
1642 2899 1711 2964 veri

415 3001 613 3068 simillimum
643 3001 766 3068 6666666
787 3002 930 3085 Appiana
956 3001 1100 3067 Annium
1126 3000 1314 3068 7660666666
1342 3001 1473 3068 Galtrnn
1502 3022 1564 3068 663.
1593 3023 1624 3070 a.
1645 3005 1709 3066 108

417 3111 545 3189 putrent
575 3125 640 3170 6336
666 3103 772 3188 Appii
799 3105 903 3169 Annii
930 3103 1037 3180 Galli,
1068 3125 1161 3169 66666
1189 3104 1317 3188 Appiae
1342 3103 1473 3170 Annae
1502 3103 1649 3188 16666666
1678 3107 1710 3168 66

415 3207 518 3291 4666·
532 3206 638 3272 Annii
650 3207 748 3272 Atilii
761 3205 926 3272 16660666.
957 3205 1067 3290 Neque
1087 3206 1193 3272 minus
1206 3207 1422 3289 6666660666
1436 3207 1567 3272 coniecit
1582 3205 1709 3270 Ditten·

418 3311 527 3392 066966
547 3331 578 3392 p.
603 3307 695 3374 VIII
711 3310 855 3395 Appium
878 3307 1009 3377 Gallum
1031 3331 1096 3374 cos.
1118 3309 1361 3392 desig(natum),
1385 3311 1440 3393 qui
1460 3313 1653 3376 6666666666
1675 3308 1710 3372 in

416 3415 545 3476 senatun
566 3410 707 3476 66636666
730 3410 766 3475 de
787 3409 948 3492 Cyzicenis
963 3410 1030 3476 III
1046 3410 1082 3477 S.
1098 3415 1179 3475 7060
1200 3411 1287 3492 facto
1309 3411 1366 3476 360
1382 3410 1546 3478 Animosne
1563 3409 1623 3476 Pio
1645 3430 1709 3475 6336

419 3511 548 3577 eundern
568 3511 604 3576 de
619 3533 679 3594 666
700 3511 752 3576 hic
775 3513 882 3594 666666
904 3517 997 3594 atquc
1018 3513 1174 3578 66636666
1194 3510 1359 3591 suffectura
1380 3513 1479 3594 666336
1500 3514 1559 3578 sub
1581 3513 1709 3578 initium

420 3613 546 3696 irruenti
566 3613 732 3680 Antonini.
771 3612 859 3679 Nara
879 3613 963 3696 quod
983 3615 1018 3679 in
1040 3615 1210 3698 deplorante
1231 3614 1369 3678 militari
1390 3614 1457 3680 III
1473 3620 1514 3680 41
1529 3638 1566 3698 p.
1582 3619 1644 3679 883
1665 3615 1707 3697 cf.

419 3715 485 3780 III
502 3715 537 3781 S.
550 3737 587 3798 p.
603 3719 687 3780 1988
709 3715 783 3780 dato
806 3717 894 3780 intra
917 3717 1096 3782 61496153
1116 3717 1323 3782 annonantur
1345 3715 1521 3782 Marcellus
1540 3729 1573 3784 et
1595 3715 1709 3784 Gallus

417 3840 481 3882 eos.
503 3822 534 3882 66
555 3816 628 3882 inde
648 3816 714 3883 80.
732 3816 891 3882 conditura
907 3823 1045 3901 putetur
1066 3823 1095 3883 et
1116 3819 1220 3900 663666
1242 3819 1328 3884 circa
1352 3821 1542 3896 61496153,
1567 3840 1605 3884 aa
1625 3817 1709 3882 nudo

418 3919 510 3986 Galli
530 3920 710 4002 6666666666
731 3921 811 3986 satis
839 3919 966 4003 6666666
989 3941 1188 4004 6666666666
1216 3921 1356 4003 seqnitur
1384 3921 1607 4004 huncquoque
1637 3941 1708 3987 con-

419 4021 517 4088 sulem
539 4021 739 4086 6666666666
760 4042 825 4088 6336
844 4024 933 4105 uenti
952 4022 1090 4090 Anniae.

356 4126 419 4190 494
442 4124 518 4191 Sex.
542 4122 670 4188 Annius
693 4123 807 4192 Gallus
834 4125 1019 4190 6666666666
1044 4126 1079 4190 66
1102 4129 1123 4189 6.
1145 4124 1230 4189 serui
1250 4124 1311 4189 XI
1327 4128 1408 4189 1953
1425 4123 1601 4204 Penesino;
1630 4125 1710 4190 eins-

421 4227 491 4292 uem
505 4225 636 4292 libertus
649 4225 772 4292 uidetur
787 4227 863 4293 Sex.
880 4226 1008 4292 Annius
1027 4224 1191 4310 Euryalus
1206 4225 1240 4290 in
1260 4225 1360 4290 attero
1376 4225 1532 4292 Perusino
1547 4226 1608 4292 XI
1615 4231 1710 4294 2030.

357 4331 420 4396 495
442 4338 582 4394 ANNIVS
605 4337 847 4412 HONORATVS,
879 4329 917 4394 L.
940 4329 1028 4394 Anni
1057 4327 1161 4393 Italici
1191 4327 1349 4392 Honorati
1380 4337 1413 4392 et
1441 4327 1603 4394 Gavidiae
1631 4329 1711 4393 Tor-

422 4441 540 4517 quatae
560 4430 646 4497 filius
667 4437 860 4498 6666666666
881 4433 916 4496 in
937 4431 1039 4496 titulis
1052 4431 1163 4514 patris
1183 4429 1252 4495 ΙΙΙ
1266 4434 1356 4496 1071.
1380 4435 1475 4497 1072.

358 4533 421 4598 496
443 4532 572 4600 Annius
610 4533 812 4617 Honoratus,
847 4539 868 4600 t.
897 4553 1030 4617 9666663
1061 4531 1193 4602 mutatus
1228 4531 1578 4618 Ledus-Waddinyton
1610 4541 1695 4602 2316
1702 4555 1713 4613 ;

423 4683 431 4700 .
446 4683 452 4698 .
467 4683 495 4699 ..
515 4631 632 4701 ’Ἄννιον
656 4633 815 4722 Ὁνορᾶτον
838 4686 845 4701 .
860 4685 867 4700 .
882 4685 910 4700 ..
934 4635 1090 4721 [ἢπαρχον
1113 4633 1195 4719 estne
1218 4680 1290 4699 ....
1331 4632 1506 4700 Parentales
1528 4638 1713 4702 coniunctus

422 4736 546 4802 videtur
567 4759 637 4802 cum
658 4738 697 4802 L.
719 4737 828 4803 Annio
850 4737 967 4803 Italico
987 4736 1164 4812 Benenate,
1187 4735 1325 4816 66666336
1339 4737 1446 4817 pater.

360 4839 422 4906 497
443 4847 582 4903 ANNIVS
605 4848 786 4922 ITALIcVS,
810 4840 849 4906 L.
872 4837 960 4903 Anni
983 4836 1087 4903 Italici
1108 4836 1269 4900 Honorati
1291 4846 1324 4900 et
1344 4836 1504 4902 Gavidiae
1525 4837 1715 4925 Torquatus

423 4939 509 5006 filius
530 4945 724 5008 6666666666
745 4942 779 5007 in
801 4941 903 5006 titulis
917 4939 1028 5023 666663
1049 4937 1114 5003 ΙΙΙ
1130 4942 1221 5005 1071.
1245 4941 1339 5004 1072.
1377 4937 1428 5018 Of.
1447 4959 1479 5006 n.
1494 4944 1568 5005 498.
