3818 5620
194 337 390 396 ASARVBAS
850 331 906 398 157
1143 413 1146 419 Ι
1245 340 1554 398 ASOLEPIODO'I'VS

260 537 348 600 acrei
377 543 405 601 et
431 538 523 602 aurci
551 540 584 622 a)
608 557 676 602 aum
699 537 905 620 resumptione
928 537 1073 623 ἄρχοντος
1095 533 1251 626 Ἇσοὶνδρου
1275 537 1433 626 Βοσπόρου
1456 543 1484 604 et
1506 539 1554 605 ἐπ’

260 639 418 706 clinatione
444 661 601 706 annorum
625 659 722 722 usqua
750 639 794 704 ad
821 643 985 722 quartum,
1017 639 1048 722 ό)
1078 661 1147 706 urm
1176 642 1381 725 inscrrptr'one
1408 643 1555 732 βασιλέως

260 739 417 830 Ἀσοὶνδρυυ
436 748 466 807 et
486 743 680 808 indicatione
701 763 857 807 annorum
879 764 901 807 a
918 747 1032 826 quarto
1052 763 1150 825 nsque
1172 743 1216 810 ad
1235 746 1417 811 marsianum
1437 767 1554 812 nurum

259 867 319 910 von
341 845 453 924 Sallct,
476 845 630 929 Ber'tratpe
651 867 708 910 rur
729 845 914 912 Gcscbr'ahtc
934 846 1002 911 unct
1025 846 1242 913 Numtsmatt'ta
1269 848 1325 914 dar
1348 849 1475 933 Kanna
1501 849 1554 914 des

261 945 504 1012 Giurmuischen
526 947 691 1031 Bosporus
706 970 743 1031 p.
759 953 779 1014 9
793 969 869 1031 sqq,
893 949 934 1030 af.
958 949 1173 1032 Waddr'npton
1187 949 1294 1016 Reaue
1311 953 1554 1033 nurnr'smatiquc

259 1053 340 1114 1866
363 1071 399 1132 p.
424 1055 499 1127 417,
535 1050 618 1128 Geel,
646 1050 769 1116 Kleine
798 1049 950 1135 Ber'trapa
976 1071 1035 1116 arar
1064 1051 1193 1118 antr'lcan
1224 1052 1440 1120 Numismattt
1470 1054 1553 1122 Sua-

258 1151 424 1216 russlands
441 1175 476 1236 p.
493 1158 533 1218 19
546 1174 623 1236 soa,
647 1153 821 1236 Latpsatea
844 1153 864 1219 t.
888 1153 907 1221 t.
924 1175 960 1237 p.
980 1153 1144 1222 XXXVI.

324 1253 407 1321 Cam
431 1255 616 1322 Pharnaces
639 1256 838 1322 Mithridatis
861 1256 945 1321 tilius
969 1257 1002 1320 in
1017 1256 1098 1322 Asia
1119 1268 1233 1324 contra
1248 1259 1411 1325 Romanos
1431 1259 1553 1326 bellum

261 1366 404 1441 gereret,
439 1357 590 1423 Asandro
621 1381 734 1424 curam
763 1360 899 1444 Bospori
927 1359 1110 1443 mandavit,
1146 1361 1201 1447 qui
1234 1360 1368 1428 absente
1398 1383 1474 1446 rege
1502 1385 1553 1427 res

263 1482 364 1526 novas
387 1461 517 1526 molitus
539 1473 589 1528 est
609 1485 639 1528 a.
656 1462 717 1529 707
734 1491 776 1516 =
794 1461 835 1528 tt
858 1461 925 1528 Dio
946 1467 999 1540 42,
1015 1467 1064 1529 46.
1108 1462 1310 1530 Pharnacem
1333 1464 1421 1551 apud
1442 1465 1554 1530 Zelam

260 1563 381 1628 victum
404 1564 486 1648 (d.2
507 1587 548 1630 m.
570 1565 725 1653 dentalis),
750 1586 823 1630 cum
845 1565 1027 1651 Bosporum
1050 1577 1219 1652 repeteret,
1243 1567 1393 1634 Asander
1412 1567 1554 1654 reppulit

261 1675 293 1730 et
318 1666 437 1732 occidit
458 1666 524 1732 Dio
545 1674 599 1746 42,
622 1673 671 1745 47,
702 1668 845 1752 Appiam.
870 1667 1057 1734 Mithridat.
1080 1674 1153 1748 120,
1185 1668 1303 1734 deinde
1331 1669 1553 1736 Mithridatem

261 1768 514 1854 Pergamenum,
554 1772 607 1835 cui
637 1771 758 1836 Caesar
790 1791 927 1855 regnum
957 1771 1181 1858 Bosporanum
1220 1772 1394 1858 tribuerat,
1432 1772 1554 1839 devicit

260 1870 326 1936 Dio
347 1877 401 1949 42,
424 1877 475 1949 48,
498 1872 617 1939 Strabo
642 1879 688 1951 13,
709 1879 740 1951 4,
763 1879 835 1957 31).
853 1878 915 1940 625
942 1884 974 1966 et
998 1875 1166 1961 Dynamin
1189 1874 1366 1940 Pharnacis
1391 1873 1491 1940 filiam
1520 1877 1553 1940 in

260 1976 502 2040 matrimonium
532 1975 627 2042 duxit
655 1976 721 2042 Dio
742 1981 799 2053 54,
822 1981 876 2054 24,
905 1982 926 2042 t.
948 1983 978 2045 1.
1022 1978 1136 2064 Vsque
1166 1977 1205 2042 ad
1237 1977 1375 2044 Tanaim
1404 1981 1555 2064 regnavit

261 2077 574 2155 sireburnam
597 2101 633 2163 p.
657 2083 726 2156 495,
760 2078 914 2144 isthmum
943 2080 1133 2166 peninsulae
1162 2080 1204 2146 ad
1230 2080 1425 2146 Maeotidem
1459 2103 1553 2146 muro

258 2181 400 2245 munivit
419 2179 463 2246 id.
482 2187 509 2258 7,
524 2187 554 2259 4,
571 2187 590 2247 6
605 2204 642 2266 p.
658 2187 727 2248 311.
764 2181 846 2248 (lum
865 2181 1054 2248 Scribonius
1072 2184 1205 2271 quidam
1220 2193 1333 2250 contra
1355 2205 1429 2248 eum
1450 2184 1553 2250 rebel·

259 2281 356 2366 leret,
388 2285 567 2367 nonaginta
594 2295 658 2350 tres
687 2306 789 2349 annos
817 2294 913 2350 natus
943 2285 1052 2351 inedia
1079 2288 1180 2352 vitam
1210 2285 1551 2368 tumultuatae,

260 2385 420 2470 (Luaron.)
445 2387 593 2453 Macrob.
611 2393 662 2452 17.

325 2486 408 2554 Cum
439 2488 531 2555 titulo
561 2489 712 2578 ἐθνάρχου
742 2511 879 2576 regnum
908 2490 949 2558 ab
982 2490 1130 2575 Augusto
1160 2493 1285 2578 accepit
1314 2496 1424 2557 auctor
1454 2494 1555 2559 tiballi

261 2590 297 2654 66
329 2591 487 2675 tangamus
517 2592 537 2658 l.
561 2593 596 2671 t,
627 2615 716 2676 quem
745 2593 896 2676 refellunt
920 2595 1050 2658 nummi.
1096 2592 1181 2658 Vnde
1212 2600 1347 2678 apparat
1368 2594 1554 2660 Asandrum

257 2694 398 2776 primurn
421 2717 479 2778 per
493 2699 644 2778 quatuor
658 2698 840 2779 fercannus
856 2695 1018 2762 arctantis
1031 2717 1153 2775 noman,
1173 2696 1284 2762 danda
1299 2702 1411 2778 quarto
1427 2699 1554 2781 rupem·

259 2797 342 2878 rapis
371 2799 548 2880 sumpsisse.
598 2798 731 2880 Terrmus
760 2799 871 2863 mortis
901 2797 1102 2881 aliquatenus
1129 2797 1279 2882 definitur
1302 2821 1364 2883 per
1392 2821 1553 2865 uunrmum

260 2919 392 2963 auream
417 2898 578 2982 Dynamio
600 2899 729 2976 Ko'lme,
761 2900 875 2966 Masta
902 2901 1124 2984 Kotsahouhep
1146 2901 1193 2966 ΙΙ
1209 2925 1245 2984 p.
1261 2906 1321 2967 156
1351 2923 1421 2967 cum
1450 2905 1553 2987 capite
1620 2925 1625 2951 ¹

259 3001 389 3084 rapinae
417 3005 446 3066 et
474 3002 681 3085 inscrutatione
706 3005 878 3092 βασιλίσσης
907 3006 1071 3088 Δυνάμιος
1100 3008 1130 3068 et
1156 3025 1240 3069 anno
1267 3002 1348 3070 ΑΠΣ
1371 3035 1413 3059 =
1436 3027 1466 3073 a.
1488 3009 1553 3072 261

260 3123 355 3168 aerae
369 3103 680 3170 Achaemenidarnm
694 3135 736 3159 ==
751 3128 782 3170 a.
804 3107 844 3170 ab
870 3110 1020 3172 antu-runo
1043 3129 1073 3171 a.
1100 3109 1162 3172 737
1180 3128 1278 3188 usque
1303 3107 1348 3172 ad
1368 3112 1553 3173 autumnum

261 3227 291 3271 a.
308 3209 376 3271 738.
421 3206 496 3272 Veri
515 3209 597 3273 enim
618 3208 815 3274 simrttr'mum
837 3213 883 3274 est
897 3208 979 3274 hunc
992 3230 1155 3274 nummum
1170 3229 1277 3274 aarum
1292 3230 1364 3287 esse,
1382 3215 1554 3293 postquam

259 3308 409 3374 Asander
430 3314 572 3376 mortuus
587 3317 632 3376 cst
647 3317 677 3376 et
690 3310 849 3394 Dpuarnts
871 3311 941 3377 sola
962 3333 1092 3396 regnum
1116 3313 1224 3378 tenuit.
1266 3311 1352 3378 Vnda
1367 3311 1553 3376 Asandrum

260 3413 347 3476 circa
368 3433 399 3480 a.
416 3413 549 3476 rentes
568 3415 717 3478 =17t16
739 3436 769 3479 a.
795 3413 830 3480 0.
854 3420 1011 3480 mortuum
1033 3435 1097 3480 csse
1120 3416 1260 3499 afficitur
1279 3436 1376 3498 neque
1397 3420 1554 3498 rapupnat

259 3515 407 3580 namatio
422 3513 540 3580 Dionis
556 3520 606 3593 64,
621 3522 675 3584 24.
710 3516 775 3583 sea
794 3517 948 3600 qumnodo
971 3517 1176 3584 archontatus
1198 3521 1226 3582 et
1248 3518 1340 3601 repna'
1361 3518 1441 3584 anni
1461 3538 1552 3583 6666-

258 3617 364 3682 ratius
386 3618 590 3700 omnputandr'
611 3620 691 3697 sint,
713 3620 778 3683 viri
799 3619 883 3684 docti
904 3619 1093 3686 dissentiunt
1115 3621 1156 3702 cs.
1172 3619 1347 3704 Latusates
1369 3620 1389 3689 t.
1413 3620 1433 3689 l.
1456 3641 1553 3703 neque

261 3720 363 3786 aaa
382 3741 448 3785 rem
471 3726 553 3786 certe
575 3720 752 3787 diiudicare
774 3721 854 3790 ticet.
897 3722 1029 3788 Gareatai
1052 3729 1156 3788 tamen
1173 3722 1360 3788 Δυσπόντιοι
1382 3724 1554 3806 temerasse

260 3825 348 3888 intra
370 3844 398 3886 a.
416 3823 729 3889 707l708-737t738
746 3854 788 3878 ε
805 3825 1034 3891 artae—mro
1056 3849 1085 3890 a.
1108 3824 1143 3892 0.

195 3925 258 3992 985
280 3925 448 3994 Asarubas
470 3937 574 3993 aetate
597 3925 694 3992 Plinii
717 3926 758 3992 de
781 3927 898 3993 electro
922 3929 1060 4014 scripsit,
1084 3931 1203 3995 citatur
1227 3927 1317 3993 Ptin.
1335 3948 1368 3993 n.
1388 3927 1418 3992 b.
1434 3931 1485 4006 37,
1500 3931 1551 4004 37,

260 4041 375 4097 auctor
395 4031 493 4097 Plinii
515 4029 581 4098 tua.
605 4030 626 4095 l.
646 4034 697 4095 37.

194 4134 260 4200 986
281 4131 500 4221 Asclepiades,
524 4136 732 4218 magistratus
748 4135 871 4200 Prusae
886 4133 928 4198 ad
944 4133 1120 4220 Olympum
1137 4132 1226 4200 Ptin.
1245 4133 1289 4199 ad
1306 4133 1438 4200 Traian.
1455 4135 1551 4208 81,1.

195 4236 259 4303 987
282 4235 500 4321 Asclepiades,
517 4236 714 4320 Mendesius,
734 4237 827 4302 cuius
842 4237 1129 4322 Theologumenon
1144 4237 1220 4303 libri
1236 4239 1376 4303 citantur
1391 4237 1431 4302 de
1447 4236 1551 4318 Atiae,

260 4340 372 4404 matris
387 4337 536 4422 Augusti,
554 4340 728 4405 concubitu
743 4363 814 4406 cum
826 4341 979 4406 draconte
992 4340 1121 4408 Sueton.
1133 4341 1268 4423 Aupnst.
1282 4345 1330 4406 94.
1354 4339 1410 4404 Ad
1424 4338 1551 4404 murtam

259 4439 381 4506 rettulit
397 4441 518 4506 Mulier
535 4442 647 4509 ΓΗΘ.
664 4444 731 4509 ΙΙΙ
738 4465 775 4526 p.
790 4447 852 4508 306
872 4443 988 4508 Athen.
1003 4448 1025 4507 3
1040 4465 1076 4526 p.
1091 4442 1175 4509 830
1197 4440 1412 4528 Ἀσκληπιάδης
1435 4442 1473 4508 ἐν·
1490 4442 1552 4526 ἑξη-

259 4553 359 4632 κοστῷ
380 4544 426 4626 (ἐν
449 4545 568 4634 ἑβδόμῳ
591 4546 723 4611 coniecit
746 4545 879 4628 Karbai)
902 4545 1118 4631 Αἰγυπτιακῶν.

198 4645 258 4712 988
280 4647 540 4734 Asclepiodotus,
564 4657 659 4734 poeta
681 4659 712 4712 et
734 4660 924 4734 procurator
947 4650 1083 4735 (ποιητοῦ
1106 4655 1156 4716 τοῦ
1177 4649 1348 4736 ἐπιτρόπου)
1370 4646 1453 4713 018
1470 4651 1554 4712 4747

259 4781 301 4805 =
318 4750 448 4828 Karbai,
464 4751 663 4834 Fpiprarnm.
677 4771 726 4834 pr.
743 4755 805 4816 993
825 4757 846 4816 t.
861 4752 1003 4816 enatus
1017 4757 1182 4835 amonitus
1198 4753 1234 4817 in
1250 4751 1432 4817 Memnonis
1445 4755 1554 4815 statua

258 4855 446 4937 inscriptus,
478 4855 567 4919 cuins
597 4857 754 4918 auctorem
777 4858 912 4936 propter
939 4875 1085 4920 uersuum
1111 4855 1300 4938 stupentium
1322 4859 1396 4918 ante
1416 4853 1553 4919 Antoni-

257 4977 370 5022 norum
393 4961 528 5023 aetatem
550 4957 648 5038 fuisse
670 4958 783 5022 statuit
805 4956 935 5023 Kaibet.
