3758 5628
188 313 339 370 CASSIVS
624 263 628 276 1
834 301 901 370 317
1396 310 1547 370 CASSIVS

186 511 255 575 443
279 509 412 576 Cassius
436 507 587 574 Severus.
632 506 802 590 Augustus
832 516 1011 572 commotus
1033 504 1139 573 Cassii
1162 505 1276 572 Severi
1305 505 1455 589 libidine,
1485 529 1551 593 qua

255 613 344 676 viros
360 612 561 696 feminasque
577 608 972 694 illustresdiffamaverat,
991 610 1213 692 cognitionem
1223 608 1264 676 de
1281 609 1410 676 famosis
1431 609 1550 675 libellis

188 769 194 778 .
255 715 365 801 specie
386 712 468 796 legis
491 714 669 778 maiestatis
691 714 843 778 tractavit
863 711 937 780 Tac.
954 731 983 776 5.
1000 716 1029 788 1,
1047 715 1095 788 73,
1117 733 1202 776 auno
1220 713 1260 779 12
1277 711 1363 798 p.'C.
1377 718 1414 780 at
1427 713 1550 780 videtin

255 816 421 884 eoDione
443 820 493 894 56,
515 821 569 884 27.
614 815 710 882 Anno
733 817 775 881 24
802 816 835 880 i'n
858 824 973 882 senatu
996 813 1135 880 relatum
1158 825 1207 880 est
1227 814 1269 879 de
1292 814 1403 884 cassio
1428 815 1550 882 Severo

255 918 363 1002 exule,
387 919 444 1005 qui
467 917 617 984 sordidae
639 918 783 1001 originis,
807 915 972 982 maleficae
994 919 1090 1000 vitae,
1115 916 1171 984 sed
1195 917 1308 982 orandi
1330 916 1469 1002 validus,
1492 941 1550 1005 per

251 1021 446 1088 immodicas
477 1021 661 1086 inimicitias
693 1030 729 1086 ut
754 1020 878 1086 iudicio
910 1021 1007 1086 iurati
1036 1030 1167 1086 senatus
1190 1019 1321 1087 Cretam
1343 1033 1550 1089 amoveretur

254 1126 440 1207 eli‘ecerat.;¹
456 1135 555 1212 atque
585 1123 651 1188 illic
680 1122 793 1188 eadem
823 1123 987 1189 sedando
1018 1125 1161 1189 recentia
1186 1135 1363 1210 veteraque
1391 1125 1465 1190 odia
1493 1125 1549 1190 ad-

252 1229 360 1310 vertit,
385 1228 544 1313 bonisque
564 1237 682 1293 exutus
705 1225 878 1292 interdicto
902 1228 970 1310 igni
991 1236 1089 1312 atque
1111 1249 1198 1314 aqua
1219 1250 1299 1293 saxo
1316 1226 1453 1314 Seripho
1475 1251 1550 1294 con-

255 1332 364 1396 senuit
388 1330 463 1396 Tae.
487 1351 517 1394 o.
539 1335 569 1406 4,
592 1334 645 1397 21.
698 1328 785 1395 Vnde
800 1329 970 1413 probabile
993 1333 1038 1394 est
1060 1329 1209 1400 Severnni
1231 1331 1273 1395 ab
1295 1330 1440 1414 depasto
1463 1334 1550 1396 cirea

253 1453 285 1497 a.
307 1437 351 1500 12
380 1434 415 1498 in
441 1430 570 1498 Oretani
599 1431 760 1497 maiatum
791 1451 856 1498 esse
882 1437 911 1518 et
930 1451 1060 1500 ,errasse
1081 1430 1319 1515 Idiaonpmnm,
1350 1433 1549 1501 5555515555.

257 1533 302 1599 ad
323 1557 353 1600 a.
369 1535 450 1603 Abr.
465 1539 551 1602 2648
568 1565 608 1588 =
622 1539 683 1600 785
697 1563 740 1589 =
754 1539 799 1601 32
814 1557 850 1618 p.
867 1532 901 1601 0.
924 1535 1093 1600 adnotaret
1111 1533 1255 1601 ‘Cassius
1278 1535 1420 1604 Severus
1442 1547 1552 1626 orator

256 1640 474 1722 egregius-
495 1674 539 1686 —
557 1638 658 1702 XXV
680 1637 770 1702 exilii
800 1639 850 1708 sui
880 1659 965 1704 anno
988 1639 1021 1703 in
1044 1659 1170 1704 summa
1193 1639 1303 1724 inopia
1324 1641 1486 1704 moritur’.
1506 1675 1551 1688 —

256 1740 368 1818 Initio,
397 1745 434 1805 nt
460 1761 590 1806 minero
620 1761 776 1806 annnam
802 1740 894 1806 cciiii
918 1740 998 1824 sides
1019 1740 1239 1819 babenda'sit,
1261 1745 1405 1808 55556555
1426 1747 1471 1808 est
1490 1743 1550 1808 aab

254 1844 351 1926 finem
374 1843 503 1926 imperii
527 1843 658 1911 Tiberii.
712 1905 716 1912 .
761 1907 763 1914 ,
897 1913 898 1918 ,
1082 1851 1085 1860 ’

321 1943 441 2011 Orator
461 1947 615 2029 insignis:
638 1945 759 2010 iudicia
774 1944 815 2009 de
830 1944 960 2010 dicendi
975 1965 1095 2028 genere
1110 1948 1181 2010 cius
1197 1945 1318 2014 Seneca
1333 1951 1552 2013 controvers.3

255 2047 364 2130 praes.
377 2051 456 2125 1-8,
477 2046 666 2129 Quintilian.
688 2048 825 2113 institut.
846 2052 1114 2126 16,1,116.117,
1143 2047 1215 2115 Tae.
1233 2047 1310 2128 dial.
1324 2053 1376 2114 19.
1391 2053 1445 2115 26.
1483 2049 1552 2115 Sub

256 2148 407 2234 Augusto
418 2150 562 2215 Nonium
574 2149 787 2236 Asprenatem
800 2150 1005 2238 Torquatum
1021 2150 1167 2216 veneficii
1183 2153 1349 2217 accusavit
1361 2151 1552 2234 Quintilian.

255 2253 392 2318 iactitat.
417 2258 467 2330 10,
492 2258 522 2330 1,
545 2258 610 2331 22;
630 2258 679 2330 11,
704 2258 732 2330 1,
755 2256 806 2331 57,
828 2251 918 2318 Ptin.
941 2273 973 2318 n.
996 2253 1175 2330 7535164,
1198 2253 1326 2322 855655.
1341 2255 1425 2338 Ano.
1441 2258 1481 2321 56
1503 2255 1554 2342 (de

258 2359 395 2438 ternpore
424 2355 637 2420 5555565555
666 2356 708 2437 of.
731 2376 811 2437 qnae
829 2375 940 2438 ,supra
968 2355 1121 2420 56556556
1144 2379 1178 2438 p.
1202 2361 1285 2442 165).
1332 2356 1427 2423 Multi
1450 2357 1491 2423 ab
1515 2365 1553 2423 eo'

259 2460 403 2522 accusati
426 2457 567 2524 absoluti
587 2469 681 2540 sunt,
709 2480 774 2545 qua
796 2457 837 2524 de
858 2481 895 2523 re
916 2459 1085 2542 Augustus
1108 2460 1232 2524 iocatus
1254 2470 1303 2525 est
1321 2461 1469 2530 Macrob.
1491 2465 1552 2526 sat.

257 2563 291 2636 2,
306 2564 336 2644 4,
353 2565 383 2626 9.
420 2559 590 2626 Publicam
605 2583 736 2629 causam
759 2583 925 2646 nunquam
947 2560 1085 2647 amplius
1107 2562 1227 2644 agebat
1249 2584 1347 2648 quam
1368 2585 1466 2630 unam
1487 2587 1552 2629 uno

259 2660 330 2745 die3
354 2673 426 2728 ‘nec
456 2673 564 2728 umen
594 2666 674 2746 scio,
698 2684 793 2750 quem
824 2685 916 2728 reum
942 2662 988 2729 illi
1012 2663 1187 2732 defendere
1219 2666 1282 2730 nisi
1311 2675 1347 2730 se·
1367 2668 1550 2749 contigerit‘

260 2763 381 2832 Seneca
395 2765 415 2833 l.
432 2765 452 2831 l.
467 2765 492 2850 §
506 2769 536 2834 5.
569 2766 751 2831 Accusatus
766 2775 816 2834 est
831 2789 850 2832 a
864 2765 968 2832 Fabio
984 2767 1129 2832 Maximo
1144 2766 1187 2831 id.
1206 2771 1392 2836 controvers,
1408 2773 1441 2846 2,
1456 2772 1486 2846 4,
1502 2774 1551 2834 11.

260 2868 300 2932 In
328 2889 428 2934 causa
457 2870 586 2955 privata
616 2877 729 2934 contra
757 2869 802 2934 M.
827 2869 1042 2955 Pomponium
1064 2867 1254 2935 Marcellum
1275 2871 1351 2953 egit.
1364 2869 1491 2936 Sueten
1510 2870 1553 2936 ‘de

258 2992 391 3054 proram.
416 2976 474 3038 22.
518 2971 690 3038 Orationes
720 2975 857 3059 scriptas
888 2971 1020 3059 reliquit
1048 2973 1089 3054 ef.
1122 2971 1206 3038 locos
1232 2991 1333 3056 snpra
1362 2972 1400 3038 de
1428 2973 1555 3038 diemdi

256 3073 523 3156 penere.allaios;
545 3084 609 3139 nori
633 3097 674 3141 ex
697 3073 846 3162 hisquae
868 3073 970 3144 edidit
992 3075 1213 3142 aestimandus
1238 3085 1296 3156 est,
1315 3086 1403 3140 ‘sunt
1417 3075 1549 3162 quidem

261 3186 294 3241 et
322 3175 402 3242 haec
424 3177 542 3264 quibus
565 3177 751 3264 eloquentia
776 3179 845 3244 sius
869 3183 1069 3261 5555555655,
1093 3177 1221 3243 auditas
1243 3182 1348 3244 tamen
1370 3178 1427 3262 (sic
1449 3178 1552 3262 strppl.

259 3277 418 3363 Bursian)
438 3279 534 3363 longe
556 3281 660 3344 m‘aior
682 3289 752 3345 erat
774 3285 872 3366 qua'm
893 3279 996 3346 lectus
1015 3279 1136 3346 Seneca
1153 3281 1260 3363 praes.
1279 3279 1337 3348 l...l.
1352 3279 1377 3364 §
1391 3285 1421 3345 3.
1454 3279 1555 3346 Dicta

261 3383 331 3446 eius
354 3381 475 3452 Seneca
505 3386 692 3450 controvers.
714 3387 748 3459 2,
770 3386 800 3459 4,
823 3387 880 3462 11;
906 3387 929 3448 3
951 3384 1060 3466 praef.
1081 3388 1139 3462 16;
1167 3383 1310 3466 dmoni.
1326 3387 1390 3462 Ι11;
1410 3387 1439 3460 7,
1462 3387 1492 3462 3,
1514 3386 1554 3463 8,·

260 3489 291 3560 5,
307 3488 337 3561 5,
353 3489 411 3563 14;
430 3489 471 3549 10
487 3485 652 3568 praena-
672 3490 722 3562 10,
737 3488 767 3563 5,
782 3490 836 3564 ao,
864 3485 1060 3568 5555655.
1076 3487 1212 3554 iracitur.
1235 3491 1265 3563 o,
1286 3490 1314 3563 1,
1330 3489 1388 3566 aa·
1409 3489 1438 3563 o,
1453 3489 1483 3562 3,
1498 3489 1553 3552 ar.

263 3589 311 3655 78.
336 3591 393 3666 79,·
414 3591 444 3666 8,
466 3593 500 3666 2,
523 3592 566 3667 2;
586 3591 617 3666 8,
637 3591 668 3666 3,
677 3639 682 3650 .
691 3592 732 3654 89
739 3607 750 3668 ;
771 3593 821 3667 11,
843 3593 965 3666 3133,
989 3589 1119 3658 Sueten.
1142 3589 1162 3660 i.
1184 3589 1214 3668 l.‚
1238 3587 1405 3656 Pbiiarola
1430 3587 1553 3655 Moral.

259 3710 296 3772 p.
319 3690 399 3758 tort
1085 3703 1112 3728 κ·
1452 3747 1478 3760 ,,

184 3825 187 3830 ·
326 3791 411 3858 Cum
440 3791 651 3876 declamaret,
683 3793 769 3860 infra
797 3794 915 3860 multos
945 3803 1033 3878 erati
1062 3795 1175 3881 itaque
1200 3805 1274 3860 rario
1297 3793 1501 3862 declamabat
1523 3803 1556 3860 et

263 3897 400 3964 nonnisi.
414 3896 455 3961 ab
478 3898 590 3964 amicis
612 3907 743 3963 coactus
767 3897 888 3964 Seneca
910 3902 1047 3964 controv.
1067 3898 1216 3981 3praef.
1237 3902 1273 3974 7,·
1302 3896 1458 3962 iudicium
1485 3897 1555 3961 eius

182 4057 186 4068 .
209 4017 213 4032 '
262 3997 305 4064 de
326 3997 580 4066 declamatorum
597 3999 761 4066 ,inanibus
783 3999 899 4064 studiis
919 4000 985 4066 ibri.
1006 4003 1111 4078 8-18;
1139 4002 1231 4065 rixae
1253 4000 1322 4065 eius
1348 4020 1423 4064 eum
1444 3997 1553 4066 Cestio

179 4133 185 4141 ·
261 4100 333 4168 aba·
348 4107 472 4186 16-17,·
498 4102 654 4190 iudicium
674 4103 724 4168 de
745 4103 847 4170 Vario
871 4105 1009 4170 Gemiiro
1035 4101 1079 4169 id.
1098 4121 1225 4168 55555.
1247 4105 1353 4180 6,11;
1376 4102 1556 4167 sententiae

263 4203 332 4269 eius
352 4205 396 4274 id.
420 4210 608 4271 controvers,
624 4211 654 4285 9,
669 4211 703 4283 2,
720 4210 781 4285 12;
802 4211 852 4284 16,
867 4211 897 4283 4,
913 4211 945 4271 2.
961 4207 1013 4288 25,
1037 4203 1127 4270 color
1148 4203 1212 4268 rbd.
1229 4209 1258 4281 7,
1271 4207 1302 4280 3,
1319 4208 1368 4270 10.
1452 4259 1455 4265 .
1478 4256 1482 4266 .

326 4306 653 4386 Praetersorationes
682 4331 753 4374 eam
780 4309 848 4373 alia
876 4309 998 4392 scripta
1026 4308 1062 4373 in
1090 4308 1191 4390 iisqne
1213 4305 1337 4372 libellos
1357 4306 1498 4388 fmnosos
1519 4305 1556 4371 in

261 4408 402 4478 homines
423 4411 564 4478 illustres
579 4411 714 4478 edidisse
729 4432 767 4476 ee
785 4411 894 4477 Tacito
910 4411 1077 4496 (5551555)
1094 4413 1246 4494 apparea
1268 4409 1426 4494 originem
1448 4409 1555 4492 gentis

263 4511 470 4579 Vitelliorum
490 4515 638 4584 irriserat
660 4515 788 4582 Sueten.
813 4512 964 4579 Vicetia.
993 4513 1141 4599 Scripta
1161 4515 1231 4578 eius
1244 4517 1385 4577 ‘senatus
1407 4511 1555 4578 consulto

183 4675 191 4684 .
235 4673 240 4681 .
263 4615 385 4682 abolita
406 4619 583 4704 imperator
605 4615 708 4682 Gaius
731 4617 853 4703 requiri
883 4624 915 4680 et
939 4637 1009 4679 esse
1031 4617 1064 4680 in
1086 4615 1238 4680 manibus
1258 4613 1464 4702 lectitarique
1485 4636 1556 4702 per·

263 4719 692 4805 misit.'Snetcn.'Oclip..‘16.
736 4719 863 4784 Auctor
884 4717 983 4783 Plinii
1005 4717 1094 4784 Ptin.
1114 4717 1196 4784 nab.
1218 4717 1320 4784 indi.
1335 4720 1386 4784 35.
1423 4714 1556 4782 Cassius

265 4820 406 4886 Severus
428 4822 478 4904 ,ad
507 4823 731 4888 Maecenatem
760 4823 878 4885 citatur
895 4819 1035 4888 ‚Olearia
1064 4819 1209 4886 Graiam.
1234 4820 1308 4888 Lat.
1329 4820 1358 4886 I
1372 4841 1408 4906 p.
1431 4823 1492 4886 164
1514 4831 1555 4874 ὲ

263 4921 423 4992 Priscian.
436 4926 521 5009 Hp.
532 4929 605 5002 333,
620 4924 754 4990 Cassius
771 4923 915 4992 Severus.
928 4925 978 5007 (er
997 4921 1078 4994 libro
1094 4922 1225 5006 nnete)
1241 4921 1390 4991 Diomed.
1400 4923 1427 4989 I
1427 4944 1465 5008 p.
1475 4926 1540 4989 371
1545 4941 1556 5000 ,·
