3732 5622
197 295 379 351 COOCEIVS
846 291 910 356 429
1368 303 1548 360 coccElvs

1418 401 1543 410 ——-—-.-..

323 492 437 558 Omnis
460 493 562 558 divini
586 493 784 582 humanique
806 498 886 561 iuris
908 499 1013 562 sciens
1032 499 1106 564 Tac.
1127 519 1156 564 0.
1180 504 1208 577 6,
1231 504 1292 578 20;
1313 502 1448 568 scientia
1470 505 1550 568 iuris

259 594 392 660 illustris
421 595 573 665 Fronte'n.
603 597 623 662 l.
647 598 667 662 1.
717 597 810 663 Ateio
843 599 993 685 Capitoni
1023 601 1185 666 Masurius
1216 602 1356 669 Sabinus
1386 607 1549 688 successit,

258 699 403 764 Labeoni
433 699 559 782 Nerva,
589 701 646 786 qui
674 699 781 765 adhuc
811 725 864 766 eas
893 701 1109 769 dissensiones
1131 715 1296 770 auxerunt
1318 704 1449 786 (seilicet
1471 730 1551 791 qaue

256 803 386 884 sumant
403 804 487 868 inter
502 801 685 887 Capitonem
701 809 730 868 et
744 805 934 890 Labeonem)
950 806 1145 890 Pomponius
1168 808 1188 872 1.
1212 808 1232 873 1.
1275 808 1404 874 Citatur
1425 832 1446 875 o
1466 811 1552 877 Gaio

258 907 329 970 inst.
349 910 383 983 2,
406 909 456 971 15.
479 910 554 984 195;
582 911 612 984 3,
635 911 695 972 133
715 913 746 972 01
768 910 890 990 passim
913 911 947 972 in
968 908 1110 992 Dipeste's
1132 911 1172 992 of.
1196 912 1301 988 Ienel,
1326 911 1552 997 Palinpenesia

259 1008 483 1090 110789.-
505 1007 583 1072 Divi
606 1009 736 1073 Nervae
758 1033 839 1075 avus
860 1010 1009 1076 Frontin.
1033 1012 1052 1076 l.
1077 1012 1098 1076 1.

189 1109 256 1174 073
281 1115 333 1184 (Μ.
353 1115 547 1193 GOGCEIVS)
563 1119 701 1193 NERVA,
726 1112 985 1198 iureconsultus,
1010 1123 1102 1200 pater
1124 1116 1335 1202 imperatoris.
1370 1118 1470 1202 Apud
1482 1121 1552 1184 iure

259 1212 416 1278 consultos
437 1233 558 1296 sennaar
580 1213 698 1278 dieitur
719 1215 829 1280 Nerva
850 1215 946 1300 lilius,
969 1216 1089 1281 seilicet
1110 1217 1197 1301 filins
1219 1221 1286 1284 arms
1306 1221 1362 1302 qui
1376 1221 1550 1303 proeteriit.

257 1316 386 1380 Nervae
402 1316 520 1399 (putre)
537 1319 691 1381 successit
706 1317 873 1402 Proculus,
897 1319 959 1384 fuit
981 1318 1094 1384 eodem
1117 1328 1261 1407 tempore
1284 1331 1316 1386 et
1335 1323 1444 1388 Nerva
1464 1322 1551 1388 filius

259 1419 455 1502 Pomponius
477 1419 600 1503 Dipest.
621 1425 645 1497 1,
661 1425 693 1498 2,
711 1427 743 1500 2,
758 1425 811 1489 52.
845 1421 962 1487 Aetate
984 1445 1142 1514 annorum
1162 1423 1272 1488 decem
1296 1435 1328 1490 et
1350 1435 1473 1512 septem
1495 1449 1553 1506 aut

259 1521 356 1608 paulo
387 1523 509 1588 maiore
540 1522 644 1587 fertur
672 1523 784 1589 Nerva
813 1524 898 1590 filius
928 1536 961 1590 et
990 1525 1121 1612 publice
1150 1524 1191 1591 de
1220 1527 1290 1593 iure
1319 1529 1552 1614 responsitassc

263 1626 422 1710 leianns
443 1625 566 1709 Dr'pest.
590 1633 621 1703 3,
644 1631 673 1707 1,
692 1632 721 1704 1,
740 1632 770 1691 3.
809 1627 909 1692 Liber
931 1630 999 1693 eius
1021 1628 1062 1693 de
1086 1630 1336 1716 usucapionibus
1358 1641 1553 1694 memoratur

261 1751 282 1794 0
305 1728 488 1811 Papiniano
512 1728 634 1812 Dipest.
654 1735 703 1807 11,
719 1737 751 1806 2,
767 1736 817 1797 47.
861 1730 989 1796 Citotur
1010 1735 1138 1815 saepius
1159 1737 1194 1798 in
1215 1733 1358 1817 Dipestis
1380 1734 1421 1815 es.
1445 1733 1552 1810 Lenel,

262 1831 489 1914 Palinpenesia
510 1833 536 1896 I
550 1853 582 1914 p.
597 1837 667 1899 791.

331 1934 422 2016 Quod
435 1933 575 2018 Prosper
586 1940 662 2017 post
676 1935 817 2000 eonsules
833 1937 912 2000 anni
925 1939 968 2000 38
983 1933 1079 2014 affut
1094 1934 1264 2001 Publicola
1280 1946 1311 2001 et
1326 1937 1445 2020 Nerva,
1461 1937 1555 2002 multi

263 2057 315 2104 eos
337 2035 477 2102 eonsules
497 2035 645 2116 suffectos
667 2059 697 2105 o.
714 2043 755 2102 40
774 2043 803 2102 et
820 2037 959 2102 Nemeen
980 2038 1063 2103 buno
1084 2039 1184 2120 presse
1200 2043 1329 2121 patrem
1352 2041 1554 2122 inperatoris

263 2145 468 2226 pataverunt.
512 2139 560 2204 At
584 2140 724 2224 Prosper
748 2163 854 2208 errore
877 2142 982 2206 neseio
1003 2141 1084 2207 uncle
1108 2147 1176 2206 orto
1199 2141 1339 2207 amantes
1362 2163 1391 2207 a.
1415 2147 1478 2207 718
1499 2144 1552 2226 (f.

262 2267 294 2312 n.
313 2244 387 2326 971)
409 2242 562 2326 repetivit.

198 2350 264 2415 974
286 2358 325 2413 M.
349 2355 530 2411 coccEIVS
552 2355 682 2410 NERVA
697 2378 735 2400 =
754 2357 829 2411 IMP.
847 2355 974 2410 NERVA
999 2357 1146 2411 CAESAR
1167 2356 1369 2412 AVGVSTVS.
1404 2347 1556 2412 Pettalus

262 2452 374 2534 posuit
396 2455 417 2514 t.
441 2449 568 2516 Sentini
582 2450 748 2516 X15713:
770 2451 813 2518 M.
831 2449 986 2515 Cocceius
1010 2449 1065 2533 [hl.
1086 2451 1107 2516 f.
1131 2449 1261 2532 Nerva]‚
1286 2471 1400 2534 atrgur,
1425 2449 1555 2534 sodal[is

266 2554 428 2638 August.],
453 2553 602 2639 [praetoq
626 2553 789 2639 quaestor]
815 2551 893 2635 urb,
910 2553 1011 2618 VIvir
1028 2553 1164 2636 turmale
1180 2573 1230 2638 eq.
1246 2553 1296 2636 R]
1321 2603 1409 2636 ....,
1433 2552 1555 2637 [salius]

266 2656 381 2740 Palat,
405 2654 670 2741 triumphalib[us
694 2656 901 2739 ornamentis]
923 2655 1108 2736 honoratus,
1132 2655 1311 2741 patremus]
1335 2704 1427 2720 .....

329 2760 371 2825 10
387 2759 553 2824 omsnlatu
568 2759 677 2841 primo
693 2759 758 2822 tria
772 2759 902 2823 norriino
917 2759 1027 2841 posita
1043 2757 1281 2834 0001111984,
1304 2758 1341 2822 Χ
1352 2763 1442 2823 4734.
1465 2762 1554 2836 5405,

266 2865 301 2926 in
316 2863 416 2928 altero
435 2861 486 2926 VI
495 2867 567 2926 821.
604 2861 701 2924 Alius
716 2866 850 2944 praeter
871 2861 996 2925 titulum
1012 2881 1206 2943 praenomen
1228 2881 1292 2944 non
1310 2862 1451 2942 ponitur,
1475 2859 1555 2925 000-

266 2967 356 3029 ceius
378 2966 574 3029 Neruesiae
596 2965 706 3028 Nerva
728 2965 815 3047 upari
834 2965 1013 3047 scmptores.

330 3067 439 3133 Filius
459 3068 527 3132 sine
549 3067 644 3132 (lubio
661 3067 710 3133 M.
727 3067 850 3133 Oooceii
866 3067 991 3132 Nervae
1012 3089 1043 3135 n.
1060 3071 1134 3144 973;
1155 3076 1257 3131 mater
1273 3065 1388 3148 Sergia
1403 3064 1556 3129 Laenatis

265 3174 287 3240 f.
311 3169 464 3238 Plautilla
485 3169 629 3246 Dessau,
653 3171 755 3234 Insor.
778 3169 832 3234 sel.
848 3174 922 3236 281.
962 3168 1147 3234 Nobilitatis
1173 3168 1298 3232 mediae
1319 3167 1505 3251 Eutropii,
1527 3171 1553 3249 1,

266 3275 458 3341 Narniensis
481 3273 586 3337 Victor
606 3269 693 3339 Caes.
716 3278 768 3349 12,
791 3272 941 3354 Epitomc
963 3275 1014 3337 12.
1057 3270 1159 3334 Natus
1183 3279 1231 3334 est
1253 3269 1305 3334 die
1327 3271 1346 3334 8
1369 3293 1470 3334 mens.
1490 3268 1557 3333 No·

267 3377 410 3443 vembris
429 3377 510 3459 fasti
524 3374 687 3439 Plu'loeoli
705 3379 734 3440 et
750 3375 849 3440 Salvii
862 3374 903 3440 Il
920 3397 957 3458 p.
973 3379 1044 3440 276.
1068 3379 1141 3450 277,
1166 3393 1249 3438 anno
1271 3373 1338 3456 sere
1351 3377 1392 3438 35
1413 3394 1441 3440 0.
1457 3372 1556 3453 infra.

267 3483 369 3548 VIvir
396 3481 541 3565 equitum
564 3478 790 3566 R.,·quaestor
815 3475 958 3541 urbanus
988 3478 1036 3541 tit.
1082 3478 1216 3541 Praetor
1238 3474 1425 3558 designatus
1446 3498 1474 3540 a.
1498 3477 1557 3554 653

268 3584 490 3651 coniuratione
506 3581 681 3646 Pisoniana
696 3579 822 3644 detecto
838 3590 869 3643 et
884 3581 997 3664 punita
1008 3580 1095 3644 Nero
1112 3601 1184 3642 eum
1200 3577 1449 3663 triumphalibus
1465 3599 1557 3642 orna·

267 3689 385 3754 mentis
408 3685 581 3750 honoravit
601 3685 648 3748 ita
669 3682 838 3760 extollens,
861 3693 897 3747 ut
916 3705 1013 3768 super
1028 3679 1237 3766 triumphales
1257 3682 1291 3745 in
1313 3681 1382 3744 foro
1404 3681 1558 3763 imagines

269 3789 356 3877 apud
380 3787 541 3854 Palatium
569 3785 709 3869 effigiem
739 3789 806 3850 eius
837 3787 964 3850 sisteret
989 3787 1064 3850 Tae.
1089 3806 1119 3851 a.
1142 3789 1191 3861 15,
1216 3788 1260 3850 72
1282 3783 1322 3866 es.
1344 3785 1391 3850 tit.
1435 3782 1556 3847 Neroni

273 3895 466 3960 coniunctus
483 3899 554 3956 erat
570 3890 686 3955 studiis
703 3890 854 3976 poeticis3
869 3888 955 3952 Nero
976 3890 1008 3952 in
1024 3885 1220 3951 carminibus
1237 3908 1310 3950 eum
1328 3884 1493 3950 Tibullum
1508 3885 1558 3950 sui

270 3998 422 4083 temporis
438 3996 662 4060 nominaverat
675 3992 825 4059 Martini.
840 3997 870 4068 8,
890 3998 945 4070 70,’
961 3996 989 4068 9,
1006 3997 1049 4056 26
1065 3992 1105 4073 cf.
1119 3989 1208 4054 Plan.
1225 3991 1313 4071 epist.
1328 3993 1357 4064 5,
1373 3994 1402 4064 3,
1420 3991 1450 4054 5.
1473 3988 1560 4052 Ante

268 4098 471 4166 consulatum
494 4119 608 4180 augur,
633 4096 751 4162 sodalis
774 4093 975 4178 Augustalis,
999 4092 1096 4158 salius
1119 4092 1287 4157 Palatinus
1310 4093 1357 4156 t't.
1401 4089 1521 4156 Consul
1545 4090 1561 4155 Ι

159 4237 163 4244 ·
270 4227 345 4269 cum
368 4204 562 4287 imperatore
577 4200 777 4285 Vespasiano
800 4199 851 4263 Ill
872 4220 900 4264 a.
918 4198 967 4278 71,
992 4195 1104 4260 consul
1120 4197 1153 4260 ΙΙ
1176 4219 1205 4259 0.
1221 4195 1263 4260 90
1279 4215 1353 4259 cum
1369 4195 1562 4278 imperatore

270 4306 458 4372 Domitiano
481 4303 547 4368 XV
569 4303 657 4384 fusti.
703 4299 771 4366 Sub
799 4301 986 4364 Domitiano
1017 4297 1292 4363 calumniantibus
1315 4295 1561 4376 mathematicis,

273 4408 358 4496 quod
380 4408 562 4490 genituram
585 4405 822 4490 imperatoriam
850 4401 1001 4483 haberet,
1034 4401 1066 4463 in
1093 4420 1254 4464 summum
1277 4398 1450 4463 discrimen
1472 4397 1564 4460 venit

272 4511 338 4578 Dio
353 4517 401 4592 67,
420 4515 469 4576 15.
504 4507 534 4574 A
550 4509 737 4574 Domitiano
753 4507 931 4571 Tarentum
947 4503 1107 4585 relegatus
1123 4501 1313 4566 Philostrat.
1329 4501 1383 4563 uit.
1397 4497 1565 4580 Apollonii

272 4621 300 4692 7,
325 4619 355 4690 8,
379 4619 399 4678 1
422 4615 462 4696 cf.
488 4617 518 4688 8,
543 4617 572 4688 7,
595 4615 635 4676 34
654 4631 729 4692 sqq,
754 4610 805 4673 arri
825 4609 878 4672 oin
898 4607 975 4691 fildas
997 4603 1142 4670 babendo
1165 4609 1219 4668 est.
1264 4603 1404 4668 Prorsus
1427 4600 1563 4666 absurde

278 4717 384 4784 Victor
407 4715 494 4782 0000.
519 4718 563 4780 12
583 4715 684 4796 refert
709 4735 781 4776 eum
808 4711 984 4776 Domitiani
1016 4718 1103 4772 metu
1125 4706 1167 4771 ad
1190 4707 1358 4792 Sequanos
1380 4703 1564 4787 confugisse

273 4820 384 4906 ibique
406 4819 578 4904 imperium
602 4815 736 4880 arbitrio
760 4815 922 4898 legionum
945 4813 1129 4896 sumpsisse.

338 4920 743 5007 PostquamDomitianus
766 4918 796 4982 d.
824 4917 861 4981 18
887 4916 1006 4979 mensis
1028 4912 1227 4998 Septembris
1250 4935 1279 4976 a.
1302 4911 1344 4976 96
1367 4911 1491 4974 occisus
1514 4919 1564 4972 est

1607 5261 1856 5590 A
