3818 5620
348 329 536 385 ANTONIVS
1006 321 1046 384 98
1511 327 1703 384 ANTONIVS

476 525 599 592 Contra
614 524 798 591 Gordianos
814 524 1022 611 Capelliauus
1044 523 1170 608 legatus
1190 524 1364 590 Numidiae
1385 523 1549 611 profectus
1565 524 1703 591 Gordia-

413 651 492 694 num
514 631 674 695 iuniorem
697 629 792 706 vicit,
816 629 925 692 iunior·
947 629 979 692 in
1003 649 1113 713 pugna
1135 627 1268 712 cecidit,
1299 629 1408 692 senior
1437 625 1529 693 elude
1554 629 1705 693 nuntiata

412 734 512 798 vitam
538 731 654 818 laqueo
684 732 793 796 linivit
820 729 998 796 Herodian.
1023 736 1052 807 7,
1076 736 1105 808 9,
1131 731 1199 794 uita
1221 735 1342 807 15-16,
1369 732 1423 798 vit.
1454 730 1702 806 Mariamme,

413 834 604 900 Ammianus
627 833 839 900 Marcellinus
859 837 912 909 26,
935 838 964 910 li,
987 839 1042 899 20.
1080 832 1296 898 consecratus
1317 844 1365 898 ost
1386 836 1453 898 vita
1474 839 1523 911 16,
1546 840 1583 913 4,·
1608 833 1704 898 divus

411 938 597 1004 Gordianus
619 940 654 1003 in
677 937 778 1002 titulis
798 938 930 1019 nepotis,

475 1042 568 1105 onr
588 1041 692 1106 Fabia
714 1038 869 1104 Orestilla
887 1041 955 1104 uita
976 1044 1026 1116 17,
1049 1045 1086 1116 4,
1116 1039 1217 1103 Annii
1241 1041 1354 1105 Severi
1380 1038 1448 1105 filia
1469 1041 1510 1122 ef.
1535 1038 1596 1104 ibd.
1621 1043 1649 1115 li,
1672 1045 1703 1103 4.

413 1143 513 1208 Filios
536 1143 617 1208 duos
640 1141 762 1224 habuit,
787 1141 877 1206 illum
900 1141 1112 1224 consularem,
1136 1144 1192 1228 qui
1216 1164 1290 1206 eum
1311 1145 1381 1228 ipso
1404 1141 1573 1225 Augustus
1595 1139 1703 1227 appel·

410 1245 495 1312 latus
518 1257 575 1330 est,
599 1257 631 1310 et
654 1244 752 1310 liliam
774 1244 933 1308 Maeciam
955 1245 1161 1328 Faustinam,
1188 1267 1272 1331 quae
1291 1255 1394 1331 nupta
1415 1256 1464 1309 est
1485 1245 1578 1310 lunio
1601 1241 1704 1308 Balbo

411 1350 478 1413 uita
497 1355 527 1425 4,
547 1355 580 1415 2.

473 1451 720 1534 Glrronoloqianr
732 1473 760 1514 a.
769 1453 835 1516 238
844 1449 1060 1514 incredibilem
1077 1451 1111 1514 in
1124 1450 1250 1514 modurn
1261 1451 1427 1532 confusam
1438 1449 1526 1532 apud
1535 1451 1705 1532 scriptores

408 1575 607 1619 nununorum
623 1575 660 1616 en
673 1552 735 1636 fide
743 1553 870 1634 primus
885 1551 1042 1634 disposuit
1055 1552 1175 1616 Ecetra
1199 1553 1270 1618 VII
1276 1575 1310 1636 p.
1327 1557 1400 1620 293.
1431 1551 1579 1618 Virorum
1600 1552 1703 1617 docto

411 1679 483 1720 runi
511 1657 788 1732 ratiocinationes,
819 1655 932 1737 quibus
955 1660 1069 1738 posteo
1097 1677 1196 1738 reqna
1225 1655 1419 1731 dlaoimini,
1455 1654 1702 1731 Gordianorum,

411 1759 552 1842 Pupieni
580 1762 609 1822 et
634 1757 772 1822 Balbini
799 1777 895 1839 nsque
925 1757 969 1821 ad
1004 1757 1070 1822 dies
1099 1763 1293 1840 eorrputusse
1321 1758 1386 1823 sibi
1410 1759 1471 1821 uisi
1498 1763 1570 1822 sunt
1600 1777 1704 1822 orienes

412 1863 538 1926 omnino
568 1859 656 1924 band
684 1861 786 1943 druria
813 1861 1007 1944 arqumentis
1036 1861 1103 1936 usi,
1137 1861 1319 1926 enunrinare
1348 1860 1405 1926 lroo
1434 1860 1500 1926 loeo
1527 1881 1592 1924 non
1622 1859 1703 1924 lieet.

410 1965 502 2029 Heme
523 1964 590 2044 fere
611 1968 693 2038 sunt,
718 1983 798 2044 quae
813 1961 1028 2044 probabiliter
1050 1962 1087 2028 de
1109 1963 1237 2028 illorum
1260 1964 1401 2046 inperiis
1423 1962 1488 2027 diei
1506 1967 1653 2044 possunt:

478 2067 680 2130 llaairninus
707 2066 810 2130 mealia
841 2067 909 2147 trra
938 2085 1042 2130 rnense
1072 2065 1201 2130 Martio
1232 2089 1263 2131 a.
1284 2070 1348 2132 235
1378 2067 1545 2150 imperium
1574 2065 1706 2150 adeptum

409 2174 454 2234 est
477 2169 532 2249 (es.
562 2168 720 2250 Borqlresi
749 2189 818 2250 opp.
840 2167 907 2231 ΙΙΙ
928 2171 998 2242 445,
1029 2167 1060 2231 V
1075 2167 1167 2250 480),·
1196 2159 1344 2252 rapnasse
1366 2173 1428 2234 tres
1451 2189 1552 2233 annos
1573 2166 1706 2252 ([l'iot.]

409 2272 618 2353 1842101825,
640 2271 754 2338 Ioann.
770 2271 919 2335 Antioob.
941 2271 990 2337 M.
1008 2270 1068 2334 IV
1078 2272 1122 2352 tr.
1139 2277 1208 2348 146,
1231 2272 1619 2355 Eusebius-Hieronymus
1634 2277 1704 2357 ete.)

410 2373 458 2438 uel
481 2375 631 2438 ‘triennio
654 2385 686 2437 et
708 2375 818 2460 paucis
838 2372 962 2437 diebus'
985 2373 1166 2456 Eutrop9,
1183 2379 1202 2438 1
1219 2375 1364 2457 plerique
1387 2379 1476 2440 tester
1498 2355 1703 2440 amuentiu'nt.

412 2476 532 2556 Quibus
562 2477 748 2540 oorrreniunt
772 2497 853 2558 quae
881 2475 1089 2540 Herodianus
1117 2476 1137 2543 l.
1163 2475 1254 2540 VIII
1279 2477 1317 2541 de
1345 2477 1515 2559 Aquileiae
1544 2476 1705 2542 obsidione

410 2580 560 2661 optimum
584 2583 744 2643 auctorem
766 2583 889 2643 secutus
911 2579 982 2660 fuse
1004 2581 1176 2656 enarravit,
1201 2581 1241 2660 ef.
1265 2580 1412 2662 inpn'rnis
1429 2583 1545 2656 8,1,2
1567 2587 1624 2646 τῶν
1646 2581 1703 2666 γὰρ

412 2681 631 2766 ὑπερκειμένων
652 2683 729 2767 ὀρῶν
752 2682 804 2753 τὰς
827 2680 940 2746 δι’ὅλου
962 2687 1014 2747 τοῦ
1036 2689 1184 2767 χειμῶνος
1206 2683 1348 2768 παγείσας
1367 2685 1468 2768 plorat
1491 2683 1603 2748 λύουσα
1617 2685 1636 2768 ἡ
1651 2689 1704 2747 τοῦ

413 2783 496 2854 ἔτους
525 2787 590 2869 ὥρα
620 2784 800 2870 παμμεγέθη
826 2785 875 2849 τὸν
901 2787 1081 2870 χειμάρρουν
1104 2787 1255 2870 εἰργάζετο
1277 2789 1351 2862 κτλ,
1380 2784 1463 2849 unde
1486 2785 1705 2850 Maximinum

413 2889 538 2951 ineunte
566 2908 636 2950 uere
659 2909 688 2951 a.
712 2891 777 2952 238
808 2885 851 2950 od
878 2885 988 2950 urbem
1010 2885 1194 2968 Aquileiam
1216 2888 1382 2952 necessisse
1404 2892 1548 2970 apparet.
1590 2887 1705 2968 Itaque

412 2993 531 3054 oreimis
555 2995 601 3054 est
622 2991 679 3054 sub
701 2991 796 3073 duem
817 2991 932 3053 mensis
956 2988 1078 3053 Martii
1098 2988 1145 3052 rel
1159 2989 1262 3072 paulo
1278 2993 1364 3072 post.

476 3092 599 3157 Seditio
620 3092 854 3174 Africanorum
884 3095 956 3156 orta
985 3095 1029 3156 ast
1060 3096 1133 3155 teste
1156 3091 1341 3156 Herodiano
1364 3097 1394 3169 7,
1416 3097 1446 3169 4,
1469 3097 1489 3156 1
1518 3097 1704 3180 συμπληρου-

411 3196 502 3282 μένης
523 3197 607 3283 abad
625 3197 681 3277 (ε
696 3195 865 3284 Μαξιμίνῳ)
886 3201 1015 3282 τριετοῦς
1038 3196 1188 3281 βασιλείας
1209 3195 1245 3259 id
1265 3199 1311 3259 est
1334 3205 1420 3260 ‘eum
1443 3197 1556 3260 tertius
1575 3197 1704 3282 imperii

411 3319 515 3361 annus
532 3297 685 3361 adfinem
700 3307 903 3381 verteretur,
926 3318 991 3362 non
1006 3297 1185 3379 etquidem
1200 3319 1373 3380 perperam
1394 3298 1596 3380 interpretati
1614 3304 1705 3363 sunt:

414 3410 595 3485 ‘postquam
611 3401 726 3465 tertius
742 3421 845 3464 annus
860 3398 1025 3485 perlectus
1047 3409 1120 3466 est‘.
1152 3400 1208 3464 Ee·
1226 3401 1267 3464 iis
1287 3405 1392 3464 auteur
1406 3421 1487 3482 quae
1502 3399 1539 3465 de
1556 3402 1704 3484 tenuioris

410 3503 515 3585 spatio
543 3503 670 3584 irrqrerii
693 3501 932 3566 Gordianorum
953 3503 1060 3584 putris
1085 3501 1206 3584 filiique
1236 3502 1424 3580 traduntur,
1454 3507 1577 3568 tanturn
1604 3504 1703 3587 remi·

412 3605 523 3668 cienda
544 3609 618 3668 sunt
640 3605 818 3669 testimonia
840 3604 989 3670 Zonaroe
1013 3610 1065 3682 12,
1087 3609 1138 3681 17,
1161 3606 1217 3686 qui
1237 3605 1339 3670 XXII
1365 3604 1434 3670 dies
1457 3606 1498 3670 iis
1520 3607 1647 3682 tribuit,
1674 3611 1705 3670 et

412 3706 665 3791 Glnonoqrapbi,
689 3708 744 3788 qui
765 3706 834 3770 dies
853 3707 931 3771 XX.
974 3705 1198 3790 Reqnuuerunt
1221 3707 1320 3791 iqitnr
1335 3729 1398 3790 per
1420 3712 1482 3772 tros
1504 3710 1570 3789 fere
1590 3709 1703 3774 bebdo-

411 3809 525 3874 madas
546 3809 593 3874 rel
614 3829 718 3874 merse
739 3808 922 3874 Februario
944 3809 991 3873 uel
1012 3810 1070 3873 sub
1092 3810 1220 3873 initium
1241 3812 1356 3875 niensis
1379 3810 1501 3876 Martii
1522 3833 1552 3876 a.
1567 3815 1642 3876 238.

476 3911 554 3976 Post
575 3933 679 3977 necem
700 3911 938 3977 Gordianorum
959 3911 1124 3994 Pupienus
1150 3917 1179 3976 et
1200 3912 1361 3976 Balbinus
1382 3912 1523 3996 Anqusti
1550 3913 1705 3998 appellati

411 4019 493 4091 nint,
521 4015 706 4080 Gordianus
726 4035 823 4098 nepos
844 4015 965 4080 Caesar
986 4019 1197 4097 nuncupatus.
1234 4015 1277 4080 Id
1298 4016 1381 4097 quod
1401 4017 1523 4098 facturn
1545 4036 1609 4082 osse
1631 4022 1704 4082 onte

411 4137 545 4182 inensem
561 4117 707 4200 Aprilem
729 4119 870 4200 sequitur
892 4139 930 4182 ea
950 4118 1000 4194 iis,
1023 4137 1102 4198 quae
1125 4117 1162 4181 de
1185 4117 1345 4183 obsidione
1360 4117 1529 4200 Aquileiae
1548 4123 1702 4184 coustant.

413 4220 524 4284 Mense
562 4219 656 4285 Maio
691 4225 754 4284 tres
784 4222 990 4302 r'nqreratores
1021 4219 1144 4283 Rornae
1176 4220 1275 4300 fuisse
1307 4221 1476 4304 confirmat
1508 4225 1529 4288 t.
1561 4221 1704 4286 urbanus

412 4322 464 4387 VI
472 4327 534 4386 816
548 4323 676 4405 positus
693 4323 740 4387 VI
755 4322 798 4387 id.
814 4322 927 4406 Maias,
950 4322 1006 4386 ubi
1019 4325 1211 4386 alternaretur
1226 4322 1357 4406 Auggg.
1371 4322 1508 4388 libertus
1524 4323 1578 4406 (=
1592 4323 1704 4406 Aupu

411 4431 531 4490 storum
561 4427 673 4502 triunr,
703 4427 808 4490 rninus
836 4424 960 4507 quidem
991 4429 1154 4506 accurate,
1184 4425 1240 4489 sed
1268 4425 1327 4489 leui
1355 4425 1484 4508 errore).
1521 4425 1704 4508 Interfectis

412 4533 516 4594 autern
546 4528 690 4610 Pupieno
719 4533 749 4592 et
773 4527 916 4592 Balbino
942 4525 1143 4592 Gordianum
1172 4526 1351 4610 Auqusturn
1381 4527 1576 4610 appellatum
1603 4527 1704 4594 solum

412 4632 569 4714 imperare
599 4630 734 4712 coepisse
765 4635 838 4694 onte
866 4649 999 4694 mensem
1020 4627 1233 4711 Septembrem
1256 4649 1325 4693 aum
1346 4632 1468 4694 nummi
1488 4630 1706 4696 Alexandrini

412 4735 576 4815 septenum
600 4753 717 4796 anmnn
737 4732 914 4797 indicantes
937 4731 1077 4808 doceant,
1101 4736 1259 4796 ternanta
1282 4731 1312 4796 d.
1331 4737 1376 4798 23
1397 4756 1437 4800 m.
1453 4733 1544 4799 Iunii
1564 4735 1705 4816 sequitur

413 4857 450 4901 ea
483 4835 573 4900 titulo
607 4835 728 4901 Norioo
761 4834 793 4899 V
810 4839 896 4902 4820
928 4835 969 4915 ef.
996 4856 1033 4917 p.
1059 4838 1141 4899 1118
1162 4835 1271 4916 posito
1300 4834 1382 4900 VIII
1412 4835 1477 4901 kal.
1507 4835 1618 4920 Iulias,
1647 4835 1706 4900 ubi

412 4936 609 5022 Augtustus)
639 4938 775 5022 n(oster)
805 4938 973 5003 inuenitur.
1023 4937 1105 5001 Dies
1134 4935 1385 5003 LXXXXVIH
1407 4937 1528 5004 duobus
1549 4938 1706 5024 Auqustr's
