3826 5610
945 436 1160 498 „vp-

371 606 526 692 exempti,
551 605 629 672 item
660 605 703 670 ad
726 625 820 671 sacra
842 605 973 671 diversa
995 625 1078 690 quae
1100 606 1277 692 pertinent,
1311 606 1388 674 item
1412 627 1483 673 cum
1512 607 1559 674 rei
1586 607 1735 692 publicae

371 725 616 792 Atheniensium
649 725 841 811 imperiique
872 724 1007 792 Romani
1041 733 1249 792 monumenta
1282 745 1341 811 per
1373 747 1408 792 se
1448 727 1528 793 satis
1561 728 1733 807 emineant,

369 865 476 911 rerum
511 844 711 930 publicarum
746 844 902 910 minorum
932 843 1154 911 condicionem
1183 852 1215 913 et
1242 845 1478 912 ordinationem
1507 846 1734 932 municipalem

370 984 454 1049 quae
476 963 654 1050 illustrant,
675 965 753 1032 item
776 964 817 1030 de
839 983 875 1030 re
899 963 1030 1029 militari
1046 965 1185 1031 maxime
1200 965 1327 1051 imperii
1343 966 1480 1033 Romani
1501 987 1585 1050 quae
1608 973 1734 1052 extant3

369 1084 437 1150 alia
459 1084 561 1150 multa
582 1084 764 1169 spectantia
785 1082 829 1150 ad
852 1103 959 1149 mores
982 1083 1146 1150 hominum
1169 1093 1201 1151 et
1224 1085 1383 1152 sermonis
1406 1106 1464 1171 per
1487 1085 1597 1152 orbem
1619 1085 1734 1152 Roma·

369 1224 445 1269 num
468 1203 699 1271 diversitatem.
744 1201 833 1269 Haeo
857 1202 965 1270 omnia
987 1203 1034 1270 ila
1057 1204 1281 1271 concinnanda
1303 1211 1406 1290 erunt,
1431 1213 1465 1272 ut
1487 1227 1553 1272 non
1568 1205 1733 1272 titulorum

369 1324 472 1389 solnm
496 1322 578 1389 ratio
602 1322 769 1408 habeatur,
804 1321 862 1389 sed
885 1331 921 1389 ut
943 1344 1027 1408 qnae
1049 1299 1198 1392 auctores
1227 1325 1345 1411 papyri
1370 1326 1490 1392 nummi
1519 1324 1637 1392 similia
1662 1327 1735 1392 sub-

368 1440 561 1529 ministrant,
584 1443 678 1510 simul
705 1444 906 1528 digerantur;
940 1443 987 1510 ita
1014 1444 1098 1511 enim
1127 1445 1259 1511 tandem
1286 1445 1462 1529 aliquando
1489 1467 1547 1532 pro
1576 1445 1733 1512 litteraria

369 1563 579 1649 epigraphica
601 1565 827 1631 numismatica
849 1564 1031 1630 eruditione
1046 1563 1234 1648 particulari
1259 1565 1299 1631 ob
1323 1586 1459 1650 eamque
1476 1586 1607 1633 causam
1623 1585 1732 1633 neces-

368 1681 453 1750 sario
481 1683 671 1768 imperfecta
698 1685 910 1752 substituetur
936 1683 1084 1750 doctrina
1111 1684 1257 1770 pendens
1287 1707 1352 1752 non
1379 1707 1400 1752 a
1423 1686 1588 1772 copiarum
1612 1687 1732 1772 speeie,

368 1804 427 1871 sed
448 1803 491 1870 ab
512 1805 586 1889 ipsa
607 1824 713 1870 rerum
736 1804 931 1887 cognitione.

455 1922 506 1989 Ad
532 1923 628 1990 finem
655 1943 728 1990 eum
751 1924 957 2011 pervenietur
980 1945 1057 1991 cura
1080 1926 1220 1992 uirorum
1245 1927 1413 1993 doctorum
1441 1927 1494 2011 qui
1524 1934 1598 1994 sunt
1625 1933 1734 1994 erunt-

368 2063 441 2130 que,
468 2063 533 2110 non
555 2044 752 2111 Academiae
775 2052 916 2112 nostrae.
971 2045 1037 2113 Sed
1069 2043 1217 2112 adiuvari
1248 2067 1345 2130 posse
1373 2046 1480 2113 studia
1502 2047 1584 2114 haec
1612 2047 1732 2114 iudiea-

367 2165 473 2232 vimus
495 2165 671 2250 specimine
693 2165 763 2232 eius
790 2165 918 2249 generis
944 2165 1053 2250 aliquo
1082 2165 1256 2252 proposito,
1291 2174 1323 2233 et
1355 2167 1529 2250 selegimus
1555 2188 1640 2252 quae
1665 2167 1731 2234 iam

369 2285 475 2371 prodit
496 2285 643 2352 notitiam
667 2285 831 2352 hominnm
855 2284 1044 2351 notabilium
1068 2284 1121 2369 qui
1139 2286 1288 2354 vixerunt
1310 2287 1353 2354 ab
1374 2288 1570 2373 imperatore
1585 2289 1731 2371 Augusto

367 2405 409 2470 ad
433 2404 659 2491 imperatorem
676 2406 913 2473 Diocletianum
931 2425 987 2490 per
1004 2405 1108 2490 prima
1123 2407 1185 2472 tria
1208 2428 1305 2476 aerae
1327 2415 1458 2475 nostrae
1481 2408 1623 2474 saecula.
1654 2407 1732 2473 Pro-

367 2527 586 2612 sopographia
607 2527 689 2594 haec
711 2547 808 2611 quam
830 2524 1068 2612 appellavimus
1091 2527 1250 2596 vocabulo
1274 2551 1339 2596 non
1364 2529 1495 2614 optimo,
1519 2527 1577 2594 sed
1599 2533 1731 2613 recepto

367 2654 402 2713 ut
425 2646 546 2733 pendet
569 2667 610 2712 ex
633 2653 726 2731 parte
748 2665 867 2729 magna
895 2645 937 2711 ab
964 2645 1208 2732 inscriptionum
1237 2649 1426 2734 corporibus
1453 2647 1581 2732 nostris,
1608 2647 1655 2713 ita
1676 2647 1732 2713 im-

367 2767 478 2852 primis
500 2767 701 2835 diversarum
725 2775 883 2835 terrarum
905 2773 1115 2834 monumenta
1135 2766 1169 2832 in
1192 2767 1256 2833 illis
1279 2770 1454 2836 secundum
1479 2770 1606 2852 linguas
1628 2769 1734 2852 regio-

367 2906 490 2972 nesque
524 2888 672 2974 dispersa
699 2887 831 2956 exhibet
861 2887 1053 2972 composita,
1089 2886 1206 2953 deinde
1234 2908 1305 2954 cum
1334 2889 1435 2956 titulis
1463 2889 1635 2956 coniuncta
1657 2897 1735 2956 suut

367 3027 451 3092 quae
474 3007 588 3076 similis
609 3009 791 3093 argumenti
807 3015 874 3074 tam
889 3014 1038 3075 auctores
1054 3027 1151 3092 quam
1166 3007 1287 3074 nummi
1306 3009 1486 3095 papyrique
1502 3009 1731 3094 praebuerunt.

365 3128 569 3196 Exclusimus
584 3135 731 3214 tempora
746 3128 868 3196 liberae
891 3129 937 3196 rei
960 3128 1111 3214 publicae
1130 3129 1298 3194 Romanae
1321 3137 1494 3214 propterea
1516 3129 1602 3213 quod
1622 3129 1667 3195 ad
1690 3149 1731 3196 ea

366 3267 449 3332 quae
471 3249 656 3333 pertineant
689 3249 773 3314 tituli
806 3250 961 3317 exhibent
995 3269 1100 3334 pauca
1129 3268 1233 3333 eaque
1255 3249 1335 3315 satis
1363 3249 1492 3333 cognita
1520 3256 1552 3316 et
1581 3247 1729 3315 illustria.

366 3366 570 3434 Exclusimus
603 3370 680 3436 item
715 3369 861 3436 homines
895 3369 948 3454 qui
971 3367 1102 3434 fuerunt
1136 3367 1213 3434 inde
1247 3368 1288 3434 ab
1312 3361 1421 3437 aetate
1449 3368 1729 3453 Constantiniana,

367 3509 432 3554 non
456 3489 560 3555 solum
582 3496 756 3575 propterea
779 3488 864 3572 quod
887 3487 930 3553 ad
958 3508 1069 3553 eorum
1096 3507 1225 3571 quoque
1252 3487 1400 3555 notitiam
1429 3489 1513 3578 tituli
1540 3510 1605 3555 non
1628 3488 1730 3554 multa

366 3608 587 3694 suppeditant,
620 3608 678 3674 sed
702 3609 799 3674 ctiam
822 3613 954 3692 propter
975 3607 1141 3674 nominum
1164 3607 1322 3674 rationem
1346 3609 1392 3674 ita
1415 3609 1588 3692 diversam,
1618 3613 1652 3673 ut
1675 3606 1729 3673 vix

366 3735 454 3795 recte
491 3729 607 3796 eadem
649 3749 719 3794 cum
757 3726 990 3810 antiquioribus
1027 3727 1132 3795 forma
1167 3729 1490 3812 comprehendantur.
1550 3729 1728 3795 Recensum

367 3869 438 3914 eum
462 3869 520 3933 per
543 3848 667 3915 litteras
690 3847 830 3914 ordinari
860 3846 1019 3914 iussimus.
1076 3847 1114 3913 Ei
1144 3847 1360 3932 adiungentur
1387 3847 1533 3916 laterculi
1562 3848 1728 3914 consulum

366 3968 435 4034 eius
457 3967 613 4054 temporis
635 3975 668 4036 et
690 3967 884 4050 reliquorum
908 3967 1154 4050 magistratuum
1183 3968 1340 4034 maiorum
1367 3989 1408 4035 ex
1435 3987 1570 4035 recensu
1598 3967 1654 4034 illo
1681 3967 1728 4034 ita

366 4089 482 4171 effecti,
506 4097 540 4156 ut
563 4109 621 4174 per
644 4088 773 4172 singula
795 4089 904 4174 capita
926 4088 1116 4172 plerumque
1139 4087 1276 4153 sufficiat
1298 4087 1462 4154 remisisse
1484 4087 1527 4153 ad
1550 4107 1727 4155 recensum.

366 4209 457 4289 Quae
480 4218 638 4296 temptata
661 4216 736 4274 sunt
758 4208 877 4274 similia
899 4207 1063 4273 laterculis
1086 4207 1272 4292 compositis
1295 4208 1390 4274 modo
1406 4208 1449 4274 ad
1465 4207 1655 4292 scriptorem
1670 4206 1727 4274 ali·

365 4351 469 4414 quem,
502 4332 597 4398 modo
625 4332 667 4397 de
696 4329 885 4412 magistratu
916 4328 1035 4411 aliquo,
1064 4327 1150 4394 viam
1178 4335 1452 4412 monstraverunt,
1486 4347 1550 4412 qna
1576 4327 1728 4413 procede-

365 4459 461 4536 retur,
496 4452 553 4517 sed
581 4450 676 4516 simul
702 4450 880 4515 docuerunt
909 4469 976 4515 rem
1004 4446 1130 4514 absolvi
1153 4468 1219 4513 non
1241 4468 1338 4532 posse
1361 4447 1422 4513 nisi
1447 4447 1590 4516 terminis
1620 4445 1726 4533 operis

365 4569 461 4636 latius
483 4569 631 4654 prolatis.

450 4690 552 4755 Erunt
566 4688 705 4755 fortasse
721 4689 774 4772 qui
797 4688 840 4754 ad
855 4688 985 4773 incepta
1005 4688 1123 4754 similia
1146 4708 1218 4754 sese
1241 4687 1412 4770 accingant
1434 4688 1586 4774 sivejsuis
1606 4685 1727 4754 viribus

364 4809 437 4875 freti
460 4808 530 4875 sive
557 4815 668 4874 nostra
696 4828 795 4893 opera
821 4809 940 4893 adiuti;
974 4808 1061 4891 quod
1088 4807 1142 4872 ubi
1174 4806 1311 4891 eveniet,
1342 4807 1544 4873 laetabimur.
1596 4806 1726 4874 Interim

365 4925 540 4999 elaboratis
563 4925 650 4996 hisee
674 4947 841 5012 speramus
863 4926 932 4994 fore
955 4934 989 4994 ut
1013 4929 1118 4994 bonae
1142 4928 1269 4993 litterae
1292 4927 1491 4995 adiuventur.

845 5140 978 5148 —.-.—-
985 5139 1164 5148 ...-—-.---—
1177 5139 1224 5144 -.—.
1239 5139 1248 5144 -
