3758 5628
163 227 353 286 carumve
813 215 877 280 869
1336 221 1522 281 CLAVDIVS

162 426 230 493 690
250 434 354 492 NERO
371 433 557 490 CLAVDIVS
573 431 718 488 DRvsvs
733 429 977 488 GERMANlCVS
994 427 1141 485 CAESAR
1158 449 1200 474 =
1215 429 1317 486 NERO
1340 429 1525 486 CLAVDIVS

230 537 377 594 CAESAR
387 535 579 592 AVCVSTVS
591 534 836 590 GERMANICVS
847 555 889 579 =
901 533 935 593 L.
947 532 1128 588 DOMITIVS
1140 532 1400 593 AENOBARBVS.
1421 523 1526 589 Filius

229 631 289 698 Cn.
298 631 434 698 Domitii
446 628 644 707 Aenobarbi,
657 627 798 694 consulis
815 627 972 693 ordinarii
987 627 1134 710 anno-⁹12,
1152 636 1185 692 et
1195 626 1298 691 Iuliae
1312 625 1523 713 Agrippinae,

228 733 315 800 filiae
344 734 531 802 Germanici
562 743 595 797 et
624 731 836 819 Agrippinae,
859 732 1028 818 proneptis
1052 728 1193 814 Augusti
1224 729 1354 796 Sueten.
1377 729 1420 798 N.
1442 731 1471 795 5.
1494 735 1524 808 6,

233 837 307 904 Tac.
329 841 382 914 12,
403 841 433 914 3,
456 835 522 901 Dia
544 839 595 912 60,
617 839 659 900 39
666 855 677 913 ;
701 837 819 918 61,12,
845 832 923 898 Vict.
945 832 1036 898 Caes.
1051 836 1081 910 5,
1103 831 1252 916 Epitourc
1264 837 1295 910 5,
1318 831 1442 916 Ioseph.
1458 836 1523 902 aut.

227 943 282 1018 20,
299 943 331 1016 8,
346 943 388 1018 2,·
410 937 538 1003 suboles
562 935 786 1024 [Agrippinae]
810 940 884 1002 acta
904 934 1074 1000 Amulius
1096 933 1252 1018 712034,
1277 933 1337 1000 Cn.
1360 935 1525 1002 Domitius

229 1040 444 1108 Aenobarbus
467 1049 560 1126 pater
573 1040 711 1104 Neronis
725 1040 867 1124 Augusti
883 1042 957 1104 aeta
970 1036 1142 1102 Arvalium
1160 1036 1212 1103 VI
1220 1040 1312 1104 2037.
1324 1041 1408 1104 2039
1423 1057 1451 1102 v.
1467 1042 1524 1105 22.

228 1150 362 1212 20416.
386 1149 436 1210 41.
462 1143 581 1210 20428
600 1163 628 1210 6.
652 1147 681 1207 4.
726 1141 812 1208 Ante
841 1141 1048 1228 adoptionem
1076 1140 1183 1206 dietus
1212 1150 1262 1205 est
1289 1141 1328 1206 L.
1358 1140 1524 1207 Domitius

227 1245 443 1314 Aenobarbus
472 1247 536 1311 sive
564 1245 604 1312 L.
628 1243 792 1309 Domitius
820 1245 884 1310 sive
912 1243 1093 1310 Domitius:
1122 1243 1196 1308 Tac.
1219 1265 1250 1308 a.
1274 1248 1324 1321 11,
1344 1248 1401 1322 11;
1423 1248 1477 1322 12,
1493 1249 1522 1309 3.

227 1353 258 1413 8.
275 1353 304 1414 9.
319 1352 373 1417 25.
388 1353 443 1426 26,
466 1347 532 1414 Dio
554 1354 605 1425 60,
621 1353 667 1416 32
681 1348 844 1431 (Zonaras
857 1351 907 1425 11,
924 1345 987 1431 10),
1012 1345 1118 1412 Victor
1137 1346 1226 1412 Caes.
1241 1351 1271 1424 5,
1294 1345 1524 1412 contumeliose

226 1461 301 1538 post
327 1450 534 1538 adoptionem
557 1450 720 1516 Domitius
750 1450 907 1516 salutatus
935 1459 983 1515 est
1005 1472 1025 1514 a
1046 1450 1234 1514 Britannico
1261 1449 1335 1516 Tac.
1357 1471 1388 1513 a.
1409 1454 1460 1527 12,
1483 1454 1524 1514 41

227 1553 456 1637 (Aenobarbus
472 1553 600 1621 Sueten.
619 1552 662 1618 N.
679 1553 722 1637 7),
740 1555 816 1618 item
832 1551 962 1636 (Iulius)
978 1551 1111 1618 Vindex
1126 1563 1299 1638 postquam
1314 1551 1441 1635 defecit,
1464 1575 1523 1638 pro

227 1657 359 1722 Nerone
375 1678 446 1721 eum
460 1655 573 1722 edictis
589 1655 728 1742 publicis
736 1654 968 1722 Aenobarbum
980 1653 1158 1742 appellavit
1166 1654 1405 1721 SuetorsNAL
1429 1655 1524 1720 Mira

226 1761 353 1826 ratione
368 1758 500 1824 Plinius
521 1760 626 1824 maior
646 1760 778 1824 uuaiua
797 1758 993 1842 gentilicium
1015 1763 1045 1823 et
1066 1757 1247 1841 adoptiuuu
1270 1757 1435 1838 constavit:
1456 1756 1524 1822 Do·

225 1863 338 1928 mitius
359 1861 446 1926 Nero
468 1881 500 1928 6.
522 1859 553 1926 ts.
576 1866 610 1938 2,
629 1866 692 1940 92;
713 1866 743 1938 4,
766 1866 815 1926 10.
838 1865 903 1939 22,
923 1865 953 1937 7,
977 1865 1027 1926 45.
1051 1865 1107 1938 71,·
1129 1865 1178 1938 11,
1201 1863 1283 1938 238;
1303 1863 1354 1937 37,
1368 1863 1428 1938 50;
1449 1862 1524 1925 itera

225 1965 391 2030 Domitius
405 1963 491 2029 Nero
507 1963 655 2046 Epitomc
669 1967 699 2030 5.
737 1961 882 2028 Ceterum
896 1963 989 2048 maipa
1008 1961 1095 2046 apud
1110 1963 1278 2046 scriptores
1293 1961 1410 2027 dicitur
1423 1961 1521 2027 Nero.

289 2067 394 2132 Natus
417 2077 465 2132 est
484 2066 576 2133 Antii
600 2065 653 2132 die
677 2067 717 2132 15
740 2067 859 2130 mensis
882 2065 1077 2131 Decembris
1099 2087 1184 2130 anno
1205 2065 1246 2131 37
1271 2064 1400 2130 Suctau.
1425 2063 1468 2130 N.
1492 2070 1521 2144 6,

224 2171 279 2235 vit.
302 2168 378 2235 Veri
394 2176 423 2250 1,
445 2173 476 2248 8,
499 2174 574 2235 acta
594 2168 766 2234 Arvalium
788 2190 818 2235 a.
841 2172 891 2235 55.
914 2173 965 2234 57.
988 2173 1038 2246 60,
1069 2168 1126 2254 qui
1157 2167 1242 2232 diem
1270 2166 1411 2232 natalem
1441 2165 1522 2232 cele

224 2270 374 2338 brabant
429 2273 526 2338 Anno
557 2271 599 2336 39
632 2281 736 2336 matre
769 2271 803 2335 in
836 2271 987 2336 Pontiam
1019 2270 1159 2336 insulam
1191 2269 1337 2354 relegata
1370 2267 1522 2335 trimulus

224 2384 350 2463 patrem
373 2375 481 2439 amisit
502 2373 569 2440 Dio
589 2378 640 2452 59,
662 2379 719 2450 22,
744 2373 873 2440 Sueten.
891 2373 933 2442 N.
950 2378 988 2452 6,·
1016 2375 1109 2439 cuius
1131 2395 1173 2438 ex
1196 2383 1288 2460 parte
1310 2373 1407 2438 tertia
1427 2371 1522 2437 heres

224 2499 267 2542 ne
289 2476 373 2542 hanc
395 2475 526 2562 quidem
548 2477 710 2560 integram
731 2477 818 2562 cepit
840 2477 997 2562 correptis
1020 2499 1079 2562 per
1099 2475 1289 2540 coheredem
1309 2476 1429 2542 Gaium
1452 2476 1522 2539 uni-

224 2580 329 2646 versis
359 2578 452 2644 bonis
482 2578 610 2646 Sueten.
635 2578 655 2642 t.
680 2577 699 2645 t.
754 2578 853 2664 Inops
883 2579 983 2662 igitur
1012 2589 1112 2664 atque
1142 2598 1240 2661 egens
1270 2577 1357 2664 apud
1388 2578 1522 2643 amitam

226 2682 431 2764 (Domitiam)
453 2680 612 2767 Lepidam
642 2681 783 2746 nutritus
815 2691 877 2762 est,
907 2679 968 2746 sub
998 2680 1126 2746 duobus
1148 2680 1345 2768 paedagogis
1368 2679 1521 2746 saltatore

224 2795 322 2870 atque
344 2793 474 2849 tonsore
495 2783 560 2850 ibd.
608 2781 766 2849 Claudius
786 2784 957 2870 imperium
978 2783 1115 2870 adeptus
1136 2783 1355 2870 Agrippinam
1384 2793 1520 2848 matrem

225 2910 267 2952 ex
301 2884 399 2950 exilio
434 2887 599 2950 revocavit
632 2895 664 2950 et
693 2885 837 2952 Domitio
867 2886 954 2952 bona
986 2896 1122 2973 paterna
1150 2887 1293 2951 restituit
1321 2885 1388 2952 Dio
1417 2890 1466 2962 60,
1489 2891 1519 2968 4,

224 2987 353 3056 sacrm
378 2986 434 3055 tt
483 2987 615 3053 Ditatus
644 2997 693 3052 est
726 2999 758 3054 et
787 2989 933 3054 Passieni
961 2988 1069 3076 Crispi
1099 2989 1208 3053 vitrici
1239 2986 1434 3070 hereditate,
1466 2989 1519 3052 oui

221 3091 407 3176 Agrippina
428 3090 578 3154 restituta
599 3100 755 3176 nupserat
768 3089 857 3156 Plio.
876 3111 907 3156 6.
923 3090 953 3156 tr.
970 3097 1019 3168 16,
1032 3096 1110 3167 242,
1134 3090 1263 3158 aaron.
1287 3089 1308 3156 t.
1331 3089 1351 3155 l.
1396 3090 1519 3154 Tutore

222 3191 364 3257 Asconio
386 3190 540 3257 Labeone
563 3215 640 3257 usus
662 3202 712 3258 est
738 3193 991 3271 Tac.a.13,10.
1027 3193 1125 3258 Anno
1147 3193 1189 3258 47
1212 3192 1411 3257 circensibus
1433 3191 1519 3257 ludis

221 3316 295 3359 cum
325 3294 418 3382 pueri
450 3293 575 3360 nobiles
605 3297 698 3381 equis
727 3294 890 3361 ludicrum
911 3297 1029 3362 Troiae
1058 3297 1179 3361 inirent
1200 3296 1350 3382 interque
1372 3317 1426 3359 eos
1449 3295 1519 3359 Bri-

224 3399 383 3480 tannicus,
413 3395 543 3463 Claudii
572 3397 666 3482 filius,
699 3408 731 3464 et
751 3400 790 3465 L.
812 3399 988 3482 Domitius,
1018 3398 1113 3464 favor
1142 3397 1245 3485 plebis
1268 3399 1374 3462 acrior
1396 3397 1431 3462 in
1452 3396 1518 3461 Do-

222 3501 349 3565 mitium
370 3498 442 3565 loco
465 3502 627 3586 praesagii
649 3511 802 3588 acceptus
825 3512 875 3566 est
898 3503 1150 3580 Tac.a.11,11,
1175 3500 1304 3566 Sucina.
1321 3499 1364 3565 N.
1381 3505 1410 3566 7.

284 3602 382 3669 Anno
403 3602 445 3668 49
466 3601 650 3688 Agrippina
672 3613 841 3690 postquam
864 3602 1001 3670 Claudio
1025 3606 1145 3690 nupsit,
1166 3602 1338 3669 Annaeum
1360 3603 1518 3669 Senecam

224 3706 320 3768 venia
338 3703 427 3770 exilii
452 3705 622 3789 impetrata
643 3703 709 3771 filio
732 3708 926 3790 magistrum
949 3707 1039 3772 dedit
1055 3706 1217 3793 simulque
1239 3707 1371 3791 nuptias
1393 3707 1463 3770 eius
1485 3715 1518 3770 et

223 3807 380 3872 Octaviae
401 3805 506 3873 moliri
530 3809 638 3894 coepit
663 3809 737 3877 Tac.
755 3831 785 3878 a.
802 3815 854 3886 12,
869 3814 900 3873 3.
915 3814 946 3886 8,
970 3809 1099 3875 Suetou.
1117 3809 1160 3876 N.
1177 3815 1205 3887 7,
1230 3809 1379 3874 Zonaras
1399 3812 1516 3884 11,10.

223 3907 425 3995 Agrippinae
446 3931 546 3994 opera
569 3908 733 3976 dissolutis
756 3911 960 3999 sponsalibus
979 3913 1016 3980 L.
1034 3912 1136 3978 Silani
1159 3921 1192 3976 et
1215 3910 1371 3976 Octaviae
1387 3909 1515 3977 Claudii

223 4009 290 4075 filia
310 4010 455 4076 Domitio
478 4009 639 4098 desponsa
660 4023 709 4078 est
728 4015 802 4080 Tac.
825 4037 856 4080 a.
879 4021 928 4092 13,
944 4019 974 4092 9,
997 4015 1125 4082 Suctou.
1146 4012 1166 4082 t.
1189 4013 1221 4090 1.,
1242 4012 1357 4081 Claud.
1372 4019 1426 4091 27,
1448 4011 1516 4079 Dio

224 4119 271 4196 60,
293 4119 344 4178 33.
389 4113 487 4178 Anno
516 4115 558 4180 50
586 4115 744 4182 Claudius
778 4141 851 4183 eum
882 4117 1053 4204 adoptavit
1081 4126 1258 4202 rogataque
1286 4115 1357 4198 lex,
1386 4139 1452 4202 qua
1480 4117 1515 4181 in

222 4214 376 4282 familiam
405 4213 576 4282 Claudiam
607 4229 640 4284 et
666 4241 782 4285 nomen
812 4221 951 4285 Neronis
981 4221 1134 4284 mansiret
1161 4219 1235 4284 Tac.
1258 4241 1289 4287 a.
1315 4224 1368 4297 12,
1390 4223 1513 4298 25-26,

222 4316 349 4384 Sueten.
366 4318 410 4384 N.
427 4324 456 4396 7,
477 4318 592 4386 Claud.
608 4326 663 4399 27,
685 4323 754 4389 Dio
774 4328 825 4400 60,
847 4328 888 4388 33
910 4323 1073 4405 (Zonaras
1095 4327 1146 4399 11,
1162 4325 1215 4408 10)
1221 4342 1233 4399 ;
1255 4321 1307 4386 die
1329 4323 1371 4388 25
1393 4322 1514 4386 mensis

221 4419 391 4487 Februarii
416 4426 490 4488 acta
510 4423 624 4492 Arsai.
648 4424 701 4492 VI
715 4429 847 4492 20416.
869 4431 924 4491 27.

284 4523 467 4608 Adoptatus
494 4525 612 4592 dicitur
640 4527 727 4593 Nero
757 4526 916 4594 Claudius
943 4526 1066 4594 Caesar
1091 4527 1220 4592 Drusus
1243 4527 1456 4593 Germanicam
1478 4528 1514 4593 ia

221 4629 242 4690 t.
264 4626 321 4707 qui
345 4627 410 4707 fait
439 4628 474 4693 ia
502 4649 581 4694 arou
611 4629 745 4696 Claudii
767 4629 818 4696 VI
832 4636 905 4707 921,
929 4637 958 4709 4,
986 4630 1073 4695 Nero
1096 4629 1252 4696 Claudius
1281 4630 1410 4695 Drusus
1433 4629 1514 4695 Ger·

220 4729 367 4792 manicas
389 4727 532 4814 [Caesar]
548 4732 584 4795 iu
599 4734 679 4798 actis
693 4733 865 4798 Arvalium
887 4733 937 4797 VI
946 4737 1040 4810 2034,
1059 4732 1147 4798 Nero
1163 4733 1284 4798 Caesar
1299 4733 1512 4800 Germanicus

219 4828 422 4906 Χ172794,
449 4831 536 4897 Nero
559 4833 681 4900 Caesar
703 4835 766 4901 ibet.
788 4839 883 4913 2995,
906 4835 993 4900 Nero
1017 4833 1173 4902 Claudius
1195 4833 1317 4901 Caesar
1338 4835 1399 4901 IX
1417 4839 1510 4915 1108,

207 4937 418 4996 hommem·
433 4941 496 4997 rmp.
510 4942 579 4989 som.
606 4943 627 4988 1.
1273 4936 1308 4993 24

1606 5175 1847 5546 A
