3818 5620
202 327 379 382 serires
858 296 920 381 153
1371 323 1560 380 carmus

269 527 298 588 et
321 523 527 588 Herodianus
548 527 576 599 6,
599 527 669 589 2-6
691 519 785 601 (unde
807 521 924 604 pendet
946 520 1095 586 Zonaras
1117 525 1168 598 12,
1190 525 1247 600 15;
1276 520 1458 586 Herodiaui
1484 541 1561 586 uar-

268 628 353 691 ratio
376 625 513 704 affertur
534 626 601 690 vita
621 624 804 690 Alexandri
824 628 873 701 57,
893 623 937 700 3).
973 623 1053 690 Oum
1075 624 1158 688 enim
1180 623 1231 688 illi
1249 623 1475 690 Alexandrum
1495 644 1562 689 rem

271 730 384 812 optimc
407 734 519 794 contra
534 728 652 794 Persas
669 729 801 811 pessisse
821 732 913 810 atqice
929 726 1139 810 trimaplasse
1153 727 1334 804 scriberent,
1357 727 1563 793 Herodianus

270 853 339 898 cum
353 853 471 916 555955
487 851 555 896 cum
572 830 660 896 clade
675 852 804 896 suorum
816 829 1022 894 Antiochiam
1036 831 1197 894 recessisse
1207 829 1337 894 rettulit.
1346 867 1390 876 -
1401 831 1563 914 Regnavit

269 935 526 1021 quattuordecim
543 956 643 998 annos
659 933 769 997 decem
786 955 912 998 menses
923 932 1085 1016 Apatbius
1097 937 1127 1009 4,
1143 937 1195 1010 24,
1213 934 1254 1015 cs.
1272 932 1420 1010 Notitiae,
1442 933 1565 998 Talori

268 1060 304 1120 p.
320 1043 391 1102 412.
436 1038 590 1102 Mortuus
611 1037 711 1119 ipilur
733 1057 817 1100 anuo
838 1036 906 1118 sere
926 1040 1000 1101 241.

200 1143 264 1207 961
292 1141 434 1206 Artaxer
462 1141 519 1224 (sic
548 1139 789 1204 Monumentum
810 1138 1018 1220 Aucprauam
1047 1158 1072 1204 c.
1095 1143 1149 1214 27,
1180 1136 1247 1202 Dio
1264 1141 1315 1214 49,
1343 1141 1394 1203 39.
1423 1143 1474 1202 46.
1504 1143 1563 1216 44;

272 1249 322 1321 51,
339 1249 387 1320 16,
406 1241 543 1329 Ἀρτάζητ
559 1263 665 1307 errore
679 1245 728 1318 54,
745 1245 783 1320 9,·
798 1239 952 1305 Artaxias
972 1240 1045 1306 Tac.
1062 1262 1092 1305 a.
1107 1246 1140 1318 2,
1155 1245 1185 1318 3,
1201 1238 1325 1322 Ioseph.
1342 1245 1409 1304 aut.
1421 1245 1470 1317 15,
1482 1246 1511 1318 4,
1525 1245 1563 1318 3;

270 1346 440 1412 Artauzdi¹
458 1345 553 1412 codea
584 1344 809 1410 Murbacensis
839 1343 936 1408 Vellei
956 1347 989 1420 2,
1012 1347 1062 1420 94,
1086 1348 1106 1407 4
1135 1363 1173 1408 ea
1202 1342 1369 1407 collatione
1391 1341 1513 1407 Bureri
1534 1349 1563 1408 et

271 1449 404 1514 editione
427 1449 594 1531 principe,
621 1468 690 1512 cum
720 1446 939 1530 apographum
960 1445 1168 1510 Amerbaclii
1188 1444 1363 1510 Artavasdi
1394 1444 1562 1533 ealibeat).

272 1551 377 1616 Filius
393 1560 470 1616 natu
486 1551 649 1616 maximus
666 1547 755 1630 (Dio,
771 1548 909 1632 Ioseph.)
922 1547 1114 1614 Artavasdis
1130 1551 1216 1632 regis
1231 1547 1406 1614 Armeniae
1422 1549 1562 1630 maioris,

272 1676 372 1739 nepos
388 1653 540 1738 Tigranis
555 1654 641 1737 regis
659 1653 802 1718 Manum.
817 1652 957 1734 Aucpr.,·
980 1673 1053 1716 cum
1068 1649 1231 1716 Antonius
1245 1673 1274 1716 a.
1292 1651 1353 1716 720
1370 1680 1411 1705 =
1426 1652 1468 1716 34
1484 1673 1512 1717 a.
1525 1649 1562 1717 O.

272 1756 485 1822 Artavasdem
509 1779 567 1842 per
589 1755 698 1821 dolum
722 1765 852 1841 captum
875 1756 909 1818 in
924 1755 1081 1819 Armenia
1103 1754 1371 1838 circumduceret,
1395 1754 1428 1817 hi
1451 1757 1507 1839 qui
1529 1755 1564 1818 in

274 1861 372 1925 armis
388 1869 489 1934 erant,
513 1859 672 1924 Artaxem
695 1879 804 1942 regem
827 1859 1071 1940 constituerunt,
1096 1859 1245 1943 quicum
1270 1857 1323 1922 illo
1348 1856 1467 1943 proelio
1491 1879 1563 1921 con·

272 1983 403 2046 gressus
423 1973 455 2026 et
469 1964 576 2026 victus
591 1961 632 2026 ad
649 1961 788 2026 Parthos
802 1959 949 2042 confugit
964 1959 1031 2024 Dio
1045 1965 1096 2036 49,
1111 1965 1162 2024 39.
1177 1965 1227 2027 40.
1260 1957 1399 2039 (Contra
1413 1959 1566 2043 Iosephus

273 2072 338 2133 ant.
361 2071 410 2143 15,
431 2072 461 2143 4,
480 2071 501 2130 3
517 2070 688 2148 postquam
709 2063 922 2128 Artauasden
952 2084 1022 2128 cunt
1045 2063 1124 2147 liliis
1145 2063 1380 2128 Alexandriam
1402 2062 1567 2128 deductmn

273 2188 336 2234 csse
356 2170 513 2245 narrauit,
530 2169 639 2251 perpit
655 2165 808 2253 Ἀρμηνίας
824 2168 857 2231 δὲ
876 2167 1066 2254 ἐβασίλευσεν
1083 2164 1228 2252 Ἀρταξίας
1249 2169 1265 2232 ὁ
1288 2168 1486 2254 πρεσβύτατος
1506 2173 1566 2232 τῶν

272 2271 385 2337 ἐκείνου
408 2274 522 2337 narbam
547 2270 666 2357 διαδρὰς
681 2271 712 2336 ἐν
726 2281 770 2359 τῷ
784 2270 860 2346 τότε,
884 2271 933 2334 ita
946 2274 982 2334 ut
996 2270 1138 2334 Artanes
1152 2292 1168 2334 e
1183 2269 1328 2334 occsiodiu
1341 2267 1567 2334 Alexandrina

273 2373 397 2457 elapsus
423 2374 578 2439 uideatur.
624 2373 689 2438 Sed
709 2372 787 2456 plus
814 2372 1016 2437 tribuendum
1045 2377 1091 2437 esi
1111 2371 1229 2437 Diouis
1252 2373 1452 2438 enarrationi
1472 2389 1567 2452 quam

273 2477 406 2560 Iosepbo
429 2478 556 2542 omnino
576 2476 684 2540 leuiter
705 2494 772 2540 rem
801 2477 964 2552 tractanti,
995 2477 1108 2558 alippa
1129 2477 1184 2558 qui
1199 2497 1372 2558 perperam
1397 2473 1496 2540 addat
1517 2475 1566 2538 καλ

272 2587 372 2646 τοῦτον
402 2577 562 2666 Ἀρχέλαος
591 2582 640 2644 καὶ
668 2577 773 2664 Νέρων
803 2577 919 2665 Καῖσαρ
949 2578 1125 2666 ἐκβαλόντες
1154 2579 1241 2661 κτλ).
1293 2577 1376 2644 Cum
1404 2576 1566 2642 Antonius

273 2692 396 2767 partem
419 2681 594 2746 Armeniae
617 2679 794 2745 Artavasdi
825 2683 894 2763 regi
917 2680 1047 2745 Mediae
1067 2681 1285 2766 Atropatenae
1315 2682 1401 2745 socio
1424 2689 1502 2744 tunc
1524 2700 1566 2742 ex

273 2785 363 2850 hoste
392 2784 477 2850 facto
506 2784 673 2866 donasset,
703 2783 888 2848 Artavasde
917 2807 936 2849 a
965 2783 1095 2849 Parthis
1125 2785 1212 2847 victo
1240 2794 1399 2870 captoque
1424 2783 1566 2847 Araxes

273 2889 305 2952 in
336 2909 471 2971 regnum
502 2897 672 2972 paternum
700 2885 852 2950 reductus
875 2896 924 2950 est
945 2885 1011 2952 Dio
1033 2891 1083 2963 49,
1107 2891 1157 2952 44.
1207 2884 1289 2952 Cum
1312 2887 1484 2966 Romanos,
1509 2883 1566 2968 qui

274 2993 307 3054 in
322 2990 479 3055 Armenia
493 2989 729 3075 superfuerant,
754 2987 857 3052 occidi
876 2989 1029 3072 iussisset,
1053 2989 1224 3072 Augustus
1239 2989 1390 3074 Aegypto
1409 2996 1567 3071 occupata

273 3093 389 3158 fratres
414 3091 634 3157 Alexandriae
656 3101 766 3177 captos
788 3090 919 3175 (scilicet
945 3091 1123 3174 Tiprauem,
1147 3092 1203 3173 qui
1224 3095 1338 3174 postea
1358 3091 1512 3173 repnauit,
1537 3094 1566 3154 et

273 3195 485 3261 Artauasden
515 3195 558 3279 (n.
582 3197 654 3280 956)
684 3199 720 3258 ut
747 3193 883 3276 uidetur)
912 3195 1034 3279 petenti
1061 3195 1090 3257 ei
1117 3216 1182 3259 non
1209 3195 1334 3258 remisit
1354 3192 1422 3258 Dio
1442 3196 1491 3268 51,
1515 3197 1565 3256 16.

274 3299 314 3367 Α.
338 3301 400 3364 734
423 3327 463 3351 =
486 3300 527 3363 20
556 3304 616 3362 τῶν
647 3293 806 3382 Ἀρμηνέων
835 3303 894 3361 τῶν
924 3295 1033 3382 ἑτέρων
1064 3296 1193 3378 (scilicet
1221 3296 1395 3361 Armeniae
1423 3295 1566 3372 uiuimus,

275 3423 344 3467 oum
366 3406 462 3467 autea
482 3407 535 3487 τῆς
557 3399 750 3486 σμικροτέρας
774 3397 928 3485 Ἀρμηνέας
947 3401 1063 3463 montio
1085 3400 1176 3481 sactu
1197 3399 1250 3482 sil)
1273 3404 1325 3464 τοῦ
1342 3423 1374 3463 τε
1390 3395 1566 3485 Ἀρταβάζου

274 3505 344 3587 (sic)
375 3507 644 3592 κατηγορησάντων
676 3507 726 3568 καὶ
754 3505 805 3568 τὸν
829 3502 974 3588 Τιγράνην
996 3504 1046 3568 τὸν
1069 3505 1203 3588 ἀδελφὸν
1233 3503 1322 3568 αὐτοῦ
1347 3501 1379 3566 ἐν
1401 3511 1438 3587 τῇ
1460 3499 1567 3588 Ῥώμη

273 3609 344 3674 ὄντα
378 3607 658 3694 μεταπεμψαμένων
693 3605 888 3692 (Αὔγουστοςλ
920 3605 1032 3670 ἔστειλε
1061 3607 1111 3671 τὸν
1143 3604 1285 3692 Τιβέριον,
1316 3606 1400 3677 ὅπως
1428 3609 1477 3672 τὸν
1513 3609 1566 3692 μὲν

273 3711 388 3796 έκβάλη
418 3717 470 3795 τῆς
500 3711 659 3797 βασιλείας,
693 3710 742 3774 τὸν
774 3709 807 3773 δέ
836 3708 867 3778 ές
894 3709 984 3794 αὐτὴν
1007 3711 1256 3794 ἀποκαταστήσῃ.
1279 3710 1327 3774 καλ
1349 3708 1488 3794 ἐπράχθη
1513 3711 1567 3794 μὲν

274 3814 359 3879 οὐδὲν
388 3821 440 3898 της
470 3817 662 3898 παρασκευῆς
688 3813 778 3876 αὐτοῦ
808 3811 904 3881 ditor·
926 3814 953 3875 ai
976 3811 1032 3897 γὰρ
1056 3809 1198 3896 Ἀρμένιοι
1226 3813 1274 3876 τὸν
1299 3807 1476 3898 Ἀρταβάζην
1499 3835 1568 3896 προ-

274 3915 449 3982 απέκτειναν
465 3914 532 3981 Dio
544 3919 594 3991 54,
610 3919 639 3991 9,
664 3913 737 3978 dolo
761 3914 1017 3998 propinquorum
1040 3914 1165 3977 occisus
1185 3913 1259 3978 Tac.
1276 3935 1306 3977 a.
1322 3919 1354 3990 2,
1373 3920 1404 3979 3.
1433 3913 1567 3980 Omnino

271 4039 443 4101 perperam
474 4016 609 4082 Velleius
630 4021 662 4093 2,
686 4020 779 4094 94,4
809 4016 937 4097 scripsit
961 4015 1037 4098 ‘(Ti.
1067 4015 1167 4098 Nero)
1201 4037 1274 4080 cum
1305 4015 1487 4099 legionibus
1521 4018 1566 4080 in-

274 4141 405 4204 gressus
426 4120 616 4185 Armeniam
646 4118 778 4182 redacta
807 4139 843 4182 ea
865 4118 899 4180 in
922 4127 1113 4203 potestatem
1135 4117 1246 4204 populi
1269 4117 1408 4183 Romani
1430 4139 1567 4201 regnum

276 4224 345 4288 eius
366 4222 525 4288 Artauadi
548 4222 661 4304 dedic,
684 4222 742 4287 ubi
762 4221 899 4286 scribere
922 4220 1029 4286 debuit
1049 4220 1234 4304 Tigranem.

207 4327 273 4392 962
296 4324 459 4408 Artaxias,
484 4346 544 4389 rex
566 4325 755 4407 Armeniae,
787 4325 843 4409 qui
865 4325 1012 4410 privatus
1035 4323 1098 4388 fuit
1119 4325 1217 4388 Zeno.
1267 4323 1391 4389 Titulus
1413 4325 1479 4390 eius
1497 4326 1568 4408 pri-

273 4430 342 4494 uati
364 4428 559 4512 Sirrpruaeus
578 4427 709 4511 1155555.
733 4449 777 4511 ep.
796 4433 815 4492 1
831 4449 867 4510 p.
883 4431 956 4493 270.
1001 4425 1105 4490 Filius
1128 4425 1310 4493 Polemonis
1333 4429 1419 4510 regis
1441 4427 1568 4491 Pontici

274 4541 308 4596 et
337 4530 566 4615 Pythodoridis
593 4532 667 4596 Tac.
690 4553 721 4595 a.
743 4535 776 4607 2,
799 4534 848 4607 56,
874 4528 995 4595 Strabo
1018 4532 1071 4606 12,
1093 4533 1122 4605 3,
1146 4534 1190 4595 29
1212 4551 1248 4612 p.
1269 4533 1331 4595 555
1361 4529 1430 4613 (ubi
1455 4549 1569 4594 nonem

274 4637 419 4719 tacetur),
444 4635 492 4698 tit.
501 4653 511 4710 ;
533 4655 634 4718 nepos
658 4654 714 4717 per
730 4642 866 4696 matrem
883 4631 1045 4696 Antoniae
1060 4633 1107 4699 tit.
1123 4631 1243 4696 scilicet
1257 4632 1419 4697 Antoniae
1433 4631 1570 4696 Antonii

275 4737 435 4801 triumuiri
455 4734 543 4819 tiliae
565 4736 606 4817 cs.
628 4734 661 4799 A
684 4739 754 4800 705.
800 4735 897 4800 Anno
925 4737 961 4800 18
985 4735 1122 4800 Vonone
1147 4754 1247 4817 regno
1270 4735 1444 4798 Armeniae
1475 4733 1568 4819 pulso

274 4838 368 4903 favor
397 4838 538 4902 nationis
568 4836 744 4902 inclinabat
773 4839 807 4900 in
836 4837 1017 4919 Zenonem,
1052 4836 1139 4922 quod
1170 4837 1197 4900 is
1224 4837 1330 4922 prima
1357 4835 1398 4901 ab
1431 4835 1569 4900 infantia

274 4942 421 5007 instituta
443 4952 475 5005 et
496 4939 619 5006 cultum
636 4938 865 5006 Armeniorum
886 4939 1066 5006 aemulatus
1089 4961 1239 5026 proceres
1260 4939 1455 5026 plebemque
1477 4941 1570 5006 iuxta
