3732 5622
331 289 543 347 CORNELIVS
977 282 1039 347 442
1471 288 1678 344 CORNELIVS

394 488 441 568 ll)
464 487 556 552 Libri
579 495 651 552 octo
668 485 709 550 de
727 486 888 551 medicina
904 488 958 573 qui
983 497 1105 566 extant,
1128 489 1240 573 scripti
1255 497 1328 572 post
1343 486 1441 551 libros
1457 486 1548 551 dere
1564 486 1682 550 rustica

394 592 435 673 cf.
459 591 657 673 principiam
679 591 846 672 prooemii.
873 627 911 636 -
940 591 1003 672 ΙΙΙ)
1036 591 1087 654 De
1117 600 1185 654 arte
1215 589 1377 653 rhetorica
1404 591 1533 674 scripsit
1552 586 1680 669 Quintil.

394 697 424 770 3,
447 699 476 769 1,
499 698 560 770 21;
584 692 663 756 libri
683 691 833 757 rhetorici
853 693 992 757 citantur
1008 695 1135 776 passim
1157 715 1178 757 a
1197 691 1404 774 Quintiliano,
1430 693 1486 775 oni
1499 691 1683 775 ploransque

395 795 557 860 sententiis
582 794 665 860 Celsi
694 794 897 873 adversatur,
928 801 957 860 et
985 819 1006 861 a
1034 795 1273 861 Fortunatiano
1302 795 1394 860 Rhet.
1417 796 1494 862 min.
1516 793 1564 862 erl.
1586 791 1683 858 Halm

394 920 430 981 p.
445 903 520 964 121.
539 934 583 944 -
605 898 666 978 lV)
689 897 867 984 Opiniones
899 900 1041 962 omnium
1070 897 1336 985 philosophorum
1359 899 1416 984 qui
1444 907 1550 962 sectas
1579 896 1684 960 varias

397 999 612 1064 condiderunt
635 999 800 1086 usquead
824 1010 971 1084 tempora
993 1023 1069 1082 sua,
1101 1021 1159 1064 sex
1181 1002 1291 1086 parvis
1314 999 1531 1064 voluminibus
1553 997 1684 1084 quidam

396 1101 510 1166 Celsus
540 1099 698 1184 absolvit,
727 1123 787 1165 uec
816 1101 985 1184 redarguit
1006 1100 1164 1188 aliquem,
1195 1101 1252 1164 sed
1282 1112 1406 1166 tantum
1429 1100 1509 1186 quid
1529 1101 1686 1164 sentirent

396 1205 585 1290 aperuit-
606 1239 649 1250 -
671 1227 743 1268 cum
765 1214 895 1268 centum
919 1203 986 1268 fere
1008 1202 1215 1291 philosophos
1238 1206 1434 1269 nominasset
1455 1202 1627 1286 Angustia.
1651 1200 1686 1265 cle

396 1306 517 1371 hanes.
540 1305 627 1390 prol.
658 1305 749 1372 VIII
773 1305 960 1374 3013333331.
985 1327 1021 1389 p.
1044 1310 1083 1384 3,·
1111 1306 1239 1392 scripsit
1268 1329 1334 1370 non
1363 1327 1478 1393 parum
1509 1304 1612 1369 mults
1638 1302 1686 1388 (de

395 1408 613 1491 philosophia)
629 1407 798 1474 Cornelius
814 1407 929 1473 Celsus
946 1408 1075 1475 Sextios
1091 1406 1241 1492 (Stoicos)
1258 1419 1395 1492 secutus,
1419 1431 1483 1472 non
1507 1409 1576 1472 sine
1598 1406 1686 1471 cultu

398 1533 436 1574 ac
452 1511 760 1590 311333000311110,
777 1517 806 1588 1,
822 1515 894 1587 124,
910 1511 993 1576 unde
1003 1515 1136 1594 propia
1152 1510 1333 1577 Sentiornrn
1347 1513 1533 1576 mentionem
1547 1511 1687 1592 sequitur

400 1613 524 1678 Celsnrn
539 1619 671 1696 praeter
696 1614 857 1696 opiniones
872 1613 1136 1698 philosophorum
1166 1615 1263 1678 etiam
1290 1614 1359 1678 alio
1378 1612 1601 1697 philosophica
1624 1611 1685 1676 eali·

400 1716 490 1780 disse.
526 1751 565 1762 —-
597 1715 641 1798 V)
671 1717 709 1781 In
744 1717 783 1780 iis
818 1719 873 1801 qui
903 1716 1004 1781 latine
1037 1715 1078 1780 de
1109 1714 1281 1803 disciplina
1313 1717 1444 1781 militari
1479 1717 1684 1800 scripserunt,

398 1827 595 1883 memoratur
617 1819 718 1902 Vopet.
742 1819 779 1884 cle
798 1841 833 1884 re
854 1821 920 1886 aiil.
937 1826 966 1896 1,
981 1824 1011 1898 8,
1035 1820 1149 1884 Ioann.
1166 1819 1246 1903 Lyd.
1263 1820 1301 1884 de
1322 1821 1465 1904 mapistr.
1482 1825 1510 1896 1,
1525 1824 1569 1884 47
1574 1839 1585 1897 ,·
1605 1817 1686 1881 liber

401 1919 573 2002 singularis
596 1923 665 1986 eius
688 1922 728 1985 dc
750 1923 875 1988 ratione
893 1921 969 1987 belli
987 1931 1098 1986 eontra
1114 1921 1252 1987 Parthos
1266 1923 1400 2006 gerendi
1417 1922 1496 2006 Lon.
1512 1921 1577 1988 eliel.
1592 1925 1621 1997 3,
1637 1925 1685 1996 33,

399 2023 456 2088 ubi
468 2022 684 2110 expeditionis
693 2023 765 2106 (Cn.
776 2026 925 2110 Domitii)
934 2023 1127 2090 Corbulonis
1143 2022 1186 2104 (a.
1202 2023 1253 2107 60)
1268 2026 1462 2089 mentionem
1478 2021 1685 2106 ieceratlyd.

400 2125 464 2192 iod.
479 2131 509 2202 3,
525 2130 575 2192 34.
593 2163 631 2172 -
647 2126 860 2211 Epipramrna
881 2129 939 2192 sul>
961 2128 1087 2192 omnine
1109 2129 1175 2192 eins
1197 2127 1301 2210 fertio
1322 2127 1452 2193 Anthol.
1476 2127 1531 2192 lat.
1551 2131 1624 2192 899.

340 2227 421 2292 1079
444 2229 669 2309 (CORNELIVS
686 2232 907 2313 CETHEGVS),
931 2241 1024 2316 pater
1040 2230 1084 2296 M.
1100 2229 1243 2296 Cornelii
1260 2229 1394 2313 Cethegi
1412 2228 1552 2295 consulis
1571 2253 1600 2295 a
1618 2229 1685 2307 170,

401 2330 573 2415 proconsul
594 2331 693 2395 Asiae
719 2342 792 2418 post
814 2355 841 2400 a.
868 2333 928 2398 170
949 2333 1083 2400 lucian.
1108 2331 1240 2398 Demon.
1260 2337 1309 2398 30·
1324 2333 1365 2414 af.
1387 2354 1419 2397 n.
1443 2335 1536 2397 1080.

339 2433 422 2497 1080
443 2442 484 2498 M.
507 2441 716 2498 CORNELIVS
739 2445 948 2519 OETHEGVS,
972 2434 1084 2499 consul
1106 2457 1192 2500 anno
1209 2434 1270 2500 170
1292 2457 1364 2499 cum
1388 2433 1425 2499 C.
1440 2434 1559 2498 Erucio
1583 2432 1687 2499 Claro.

402 2535 444 2599 In
456 2533 638 2600 annulata:
652 2536 696 2603 M.
710 2536 880 2603 Cornelius
893 2537 1056 2621 Cethegus
1074 2537 1125 2602 VI
1129 2541 1219 2614 1978,
1235 2537 1295 2602 XI
1301 2542 1368 2614 610,
1382 2541 1517 2600 ceterum
1527 2535 1689 2618 Cethegus

402 2637 491 2718 fasti.
519 2676 558 2686 -
586 2637 669 2703 Cum
699 2639 863 2723 Cethegus
894 2640 1073 2705 consularis
1103 2662 1162 2725 per
1191 2641 1362 2706 Graeciam
1391 2639 1425 2701 in
1456 2637 1568 2703 Asiam
1598 2636 1688 2724 proii-

404 2740 589 2824 eiseeretur,
614 2751 649 2806 ut
670 2743 757 2827 apud
781 2753 906 2829 patrem
929 2742 1154 2829 proconsulem
1175 2741 1274 2807 Asiae
1299 2741 1397 2826 legati
1422 2763 1557 2806 munere
1583 2740 1691 2824 iunge

405 2852 503 2926 retur,
526 2842 629 2908 multa
652 2845 789 2910 ridicule
810 2845 897 2930 feeit,
920 2846 962 2911 ob
978 2867 1062 2933 quae
1078 2847 1250 2910 Demonax
1269 2867 1342 2909 eum
1362 2845 1468 2908 inrisit
1485 2843 1621 2910 [aaran.
1639 2843 1690 2908 sn.

403 2943 537 3010 Deraon.
547 2951 597 3013 31.
640 2946 719 3012 Cum
730 2949 894 3014 Iaaa’anas
907 2951 1006 3013 eitam
1018 2948 1224 3013 Demonaotis
1239 2947 1296 3012 sub
1312 2947 1407 3029 finani
1418 2947 1545 3030 imperii
1561 2947 1609 3014 M.
1625 2946 1691 3009 An-

405 3048 507 3113 tonini
520 3049 567 3112 ael
582 3050 685 3132 paulo
699 3056 774 3133 post
788 3053 952 3134 3330331333
966 3051 1121 3128 videatur,
1146 3050 1223 3115 hoec
1242 3049 1360 3115 eadunt
1374 3049 1409 3114 in
1426 3053 1568 3132 tempora
1584 3045 1694 3112 Marci

403 3154 479 3232 post
500 3171 530 3216 a.
545 3155 618 3219 170.

470 3251 567 3316 Anno
586 3254 646 3318 180
669 3254 702 3317 in
724 3252 832 3320 locum
848 3254 990 3320 Cornelii
1006 3254 1142 3338 Cethegi
1165 3253 1235 3318 salii
1260 3253 1399 3320 Palatini
1421 3252 1504 3318 alius
1527 3261 1692 3338 cooptatus

408 3365 457 3418 est
480 3353 530 3419 VI
546 3359 646 3433 1070;
671 3361 778 3438 potest
808 3379 873 3423 esse
905 3357 1013 3422 ooasnl
1043 3379 1073 3429 a.
1096 3362 1158 3422 170
1187 3356 1236 3436 (id
1261 3356 1346 3438 qaod
1370 3377 1543 3440 paperem
1571 3354 1695 3436 aepacit

412 3455 640 3540 Wadrlinpton,
674 3458 790 3524 Fusios
819 3481 851 3524 n.
874 3465 936 3527 152
964 3463 1004 3542 cf.
1038 3458 1251 3541 Marqirardt,
1282 3457 1588 3542 Staatsverwaltunp
1614 3453 1693 3521 111²

404 3579 440 3641 p.
456 3563 520 3624 420
544 3559 664 3642 31031)
687 3562 734 3625 uel
755 3562 851 3645 filius.

348 3661 426 3726 1081
454 3671 534 3725 SER.
566 3671 777 3728 CORNELIVS
807 3673 1019 3746 CETHEGVS,
1055 3662 1168 3729 consul
1202 3685 1275 3728 eum
1310 3664 1348 3730 L.
1382 3661 1518 3728 Visellio
1550 3662 1696 3726 Varrone

409 3785 495 3827 anno
518 3765 570 3829 24.
607 3765 649 3829 In
670 3766 851 3831 consolatu:
872 3767 941 3832 Ser.
966 3764 1136 3832 Cornelius
1160 3765 1323 3848 Cethegus
1347 3765 1398 3830 VI
1415 3769 1527 3842 10051,
1550 3763 1697 3830 Frontin.

411 3863 449 3930 cle
470 3866 562 3947 aunis
576 3871 649 3944 102,
673 3867 739 3932 Dio
753 3869 817 3935 ind.
835 3869 855 3934 l.
870 3873 920 3946 57,
945 3869 1026 3952 [Ser.
1043 3867 1227 3952 Co]rnclius
1250 3867 1414 3951 Cethegus
1435 3867 1518 3949 fusti
1530 3866 1697 3931 Arvalium

412 3967 453 4033 1²
471 3989 507 4051 p.
524 3974 580 4047 71;
603 3969 672 4034 Ser.
696 3971 769 4037 Cor.
789 3974 815 4037 I
831 3974 891 4037 705
912 3973 946 4036 in
969 3977 1086 4036 tessera
1105 3971 1321 4054 gladiatoria
1343 3967 1513 4035 Cornelius
1536 3969 1698 4051 Cethegus

416 4071 490 4135 Tae.
508 4077 647 4148 3.4,17,
671 4080 805 4138 satanin
819 4075 1005 4158 ploransque
1019 4073 1184 4157 Cethegus
1199 4075 1288 4156 fasti.
1305 4110 1349 4119 —
1373 4071 1441 4138 Ser.
1457 4071 1543 4136 tilius
1558 4072 1625 4138 Dio
1643 4073 1663 4136 l.
1679 4070 1699 4137 l.

352 4173 434 4238 1082
456 4175 493 4239 P.
517 4173 687 4239 Cornelius
710 4176 915 4260 Cicatricula,
937 4177 974 4242 P.
998 4177 1030 4260 t,
1055 4177 1143 4241 tribu
1164 4176 1250 4258 sab,
1274 4179 1398 4262 primus
1421 4175 1504 4262 pilus
1526 4173 1586 4258 bis,
1610 4197 1700 4261 prae·

413 4275 517 4340 fectus
533 4278 688 4363 equitum,
712 4279 893 4363 praefectus
912 4277 1032 4360 classis,
1056 4277 1238 4364 praelectus
1254 4277 1434 4342 cohortium
1448 4277 1572 4342 civium
1589 4278 1700 4342 Roma-

415 4399 530 4443 norum
553 4389 693 4465 quatuor
714 4382 748 4444 in
771 4382 947 4468 Hispania,
979 4380 1130 4445 tribunus
1153 4379 1308 4462 militum,
1338 4380 1424 4445 IIvir
1447 4389 1479 4442 et
1501 4379 1590 4443 Hvir
1610 4379 1701 4466 quin·

416 4480 596 4565 quennalis,
628 4483 776 4568 pontifex
799 4484 954 4566 (Pisauri)
976 4482 1040 4548 XI
1056 4487 1180 4547 63441.
1205 4480 1409 4547 Pisaurensis
1424 4479 1552 4564 publice
1567 4481 1702 4563 positas.

355 4583 437 4648 1083
459 4591 491 4646 L.
515 4583 754 4667 (CORNELIVS)
777 4595 901 4666 GINVA,
930 4584 1031 4649 frater
1058 4583 1188 4649 Arvalis
1218 4585 1253 4649 in
1283 4586 1364 4649 actis
1392 4583 1563 4648 Arvalium
1590 4605 1620 4647 a.
1643 4584 1703 4647 inc.

416 4684 544 4767 imperii
564 4685 701 4751 inruentis
715 4687 855 4771 Anpnsti
868 4687 1001 4771 Ephem.
1018 4710 1064 4771 ep.
1079 4692 1101 4753 8
1116 4711 1152 4772 p.
1166 4692 1236 4752 316.
1272 4685 1323 4752 De
1337 4685 1463 4751 huniae
1475 4685 1559 4750 nihil
1574 4689 1704 4750 emutat.

358 4788 439 4851 1084
461 4796 519 4856 CN.
543 4795 754 4855 CORNELIVS
778 4801 893 4854 CINNA
917 4799 1080 4874 MAGNVS,
1106 4789 1217 4854 consul
1239 4811 1324 4854 anno
1350 4789 1411 4854 758
1427 4791 1504 4854 =5
1524 4811 1555 4875 p.
1572 4787 1609 4853 C.
1632 4808 1704 4852 cum

419 4889 459 4957 L.
481 4889 612 4955 Valerio
635 4891 787 4956 Messalla
808 4892 937 4960 Voleso.
961 4929 1001 4938 -
1026 4892 1228 4957 Mernoratur
1249 4894 1283 4956 in
1306 4897 1327 4956 t.
1351 4891 1459 4956 liberti
1480 4889 1531 4955 VI
1546 4895 1628 4955 1961
1650 4889 1703 4974 (),
