3826 5610
926 447 963 454 —
1011 412 1086 474 VIII
1132 449 1172 458 -

451 576 502 640 Ex
523 575 650 660 legibus
676 583 785 645 autem
809 579 925 663 quibus
948 587 982 646 nt
1004 581 1145 648 editores
1167 583 1200 650 in
1224 604 1322 671 opere
1349 585 1517 651 tractando
1545 589 1733 651 tenerentur

364 694 543 761 Academia
564 696 720 783 decrerit,
743 697 826 765 baec
847 699 916 766 fere
938 700 981 766 ad
1004 701 1151 785 syllogen
1168 709 1255 771 recte
1270 704 1488 772 adhibendam
1508 704 1607 786 digna
1623 703 1733 770 viden·

365 821 416 878 tur
438 834 523 898 qnae
546 816 658 900 paucis
680 815 743 883 boc
765 819 837 884 loeo
860 825 1063 904 repetantur:

450 934 620 1002 'Perminos
654 937 762 1022 operis
786 937 964 1004 Academia
995 942 1160 1010 constituit
1193 964 1316 1012 annum
1350 964 1479 1030 pugnae
1505 943 1662 1010 Actiacae
1698 949 1732 1010 st

364 1053 490 1120 initium
524 1055 651 1141 imperii
685 1056 890 1125 Diocletiani.
949 1060 1013 1126 Sed
1048 1063 1146 1130 etiam
1180 1085 1291 1132 eorum
1330 1085 1464 1150 quorum
1496 1069 1589 1130 aetas
1624 1069 1730 1128 utrum

362 1174 473 1259 paullo
496 1175 644 1261 superior
665 1196 707 1242 an
730 1176 864 1244 inferior
885 1177 982 1245 inerit
1003 1201 1068 1247 non
1092 1189 1180 1251 certe
1201 1183 1379 1252 diiudicare
1401 1184 1477 1250 licet
1498 1201 1730 1266 nonnunquam

362 1294 445 1363 ratio
468 1295 583 1362 habita
604 1302 663 1362 cst.

447 1415 666 1484 Romanorum
694 1417 817 1502 recepti
839 1425 914 1484 sunt
940 1419 1089 1489 bominss
1112 1421 1235 1491 ordinis
1257 1423 1412 1492 senatorii
1434 1422 1616 1508 quicunqne
1639 1421 1732 1490 innc-

362 1542 502 1622 tucrum,
538 1535 660 1604 ordinis
687 1537 847 1619 equestris
872 1536 895 1602 ii
924 1539 978 1622 qui
1006 1541 1238 1626 imperatomm
1272 1542 1404 1627 negotia
1436 1549 1616 1628 gesserunt,
1653 1542 1730 1608 item

362 1676 474 1722 eorum
502 1655 633 1740 cognati
658 1654 911 1740 familiaresque.
956 1659 1071 1744 Neque
1101 1661 1206 1728 minus
1228 1663 1444 1730 Romanorum
1471 1685 1608 1748 quorum
1638 1682 1731 1749 prae·

361 1783 453 1842 terea
485 1777 575 1862 apud
606 1776 781 1863 scriptores
812 1777 933 1843 mentio
968 1776 1004 1843 fit
1035 1781 1182 1865 plerique
1210 1783 1376 1849 memorati
1408 1791 1493 1868 sunt,
1529 1782 1680 1868 inprimis
1708 1782 1730 1847 ii

362 1916 498 1979 quornm
531 1895 665 1962 nomina
700 1895 790 1982 apud
823 1915 930 1962 rerum
969 1897 1143 1983 scriptores
1182 1900 1398 1970 inveniuntur.
1458 1901 1525 1969 Sed
1561 1901 1730 1969 bominum

361 2015 563 2099 plebeiorum
585 2014 711 2081 inlicita
732 2015 791 2081 illa
813 2016 908 2082 turba
930 2035 996 2100 qua
1018 2017 1139 2103 scripta
1165 2020 1385 2086 ecclesiastica
1406 2028 1439 2088 et
1460 2028 1629 2088 auctorum
1652 2021 1730 2088 iuris

363 2133 484 2201 referta
506 2141 581 2200 sunt
608 2136 721 2220 procul
748 2141 875 2203 semota
897 2143 956 2202 est.
1003 2136 1093 2206 Haec
1115 2139 1157 2206 de
1184 2139 1348 2207 Romanis.
1392 2139 1589 2208 Graecorum
1619 2149 1730 2208 autem

362 2261 395 2318 et
417 2253 629 2320 barbarorum
651 2255 818 2323 hominum
840 2255 953 2322 selecti
985 2263 1110 2322 tantum
1144 2257 1264 2344 recepti
1298 2264 1372 2324 sunt
1399 2265 1432 2326 et
1459 2259 1481 2324 ii
1509 2260 1641 2344 quidem
1676 2260 1730 2345 qui

361 2395 432 2441 cum
454 2375 611 2442 Romanis
632 2377 686 2443 vel
708 2377 805 2443 rebus
827 2377 881 2442 vel
903 2375 1089 2444 bominibus
1112 2377 1252 2461 quodam
1273 2377 1369 2445 modo
1392 2379 1552 2446 coniuncti
1575 2379 1718 2448 luerunt.

448 2493 539 2572 Quae
563 2515 604 2562 ex
627 2496 837 2580 scriptoribus
859 2495 962 2561 titulis
985 2496 1124 2562 nummis
1147 2495 1189 2561 de
1211 2495 1251 2562 iis
1278 2517 1412 2580 quorum
1439 2498 1571 2564 nomina
1597 2507 1733 2586 recepta

360 2621 436 2680 sunt
457 2614 565 2680 adbuc
587 2615 808 2695 innotuerunt,
831 2635 873 2681 ea
895 2615 1001 2700 plene,
1026 2614 1238 2698 quantumin
1261 2615 1397 2681 materia
1419 2617 1557 2684 maxime
1581 2618 1733 2704 dispersa

359 2734 429 2801 fieri
452 2735 567 2820 potuit,
589 2735 693 2800 allata
715 2739 798 2800 sunt.
844 2733 911 2802 Sed
934 2742 966 2800 et
989 2733 1023 2801 in
1044 2733 1290 2820 imperatoribus
1306 2735 1459 2800 Romanis
1482 2736 1609 2804 omissis
1633 2739 1732 2806 rebus

359 2873 442 2937 quas
463 2852 634 2938 imperium
657 2853 769 2937 adepti
792 2860 964 2937 gesserunt
991 2872 1033 2918 ea
1060 2871 1144 2934 quae
1167 2851 1209 2916 ad
1231 2851 1332 2918 vitam
1359 2853 1556 2936 privatorum
1579 2866 1733 2942 spectant

359 2978 539 3040 memorata
562 2980 637 3039 sunt
659 2974 754 3040 etde
777 2972 907 3057 regibus
930 2971 1143 3039 barbarorum
1166 2989 1250 3053 quae
1266 2970 1347 3036 scitu
1362 2971 1501 3040 maxime
1516 2973 1616 3057 digna
1637 2983 1733 3044 erant

359 3093 477 3160 afferre
500 3093 580 3158 tatis
602 3093 707 3159 visiun
730 3099 790 3158 est.
836 3091 985 3174 Denique
1007 3090 1050 3156 de
1072 3087 1200 3172 scriptis
1223 3108 1333 3154 eorum
1355 3090 1408 3172 qni
1424 3091 1605 3158 litterarum
1630 3095 1732 3162 laude

360 3209 539 3278 floruerunt
572 3213 718 3298 pluribus
750 3229 850 3293 agere
876 3230 941 3275 non
969 3207 1030 3274 fuit
1062 3206 1240 3292 consilium,
1275 3207 1426 3291 quoniam
1459 3210 1513 3292 qui
1544 3211 1732 3280 litterarum

359 3328 514 3396 historias
537 3330 753 3397 condiderunt
775 3329 855 3395 satis
879 3327 1010 3412 copiose
1033 3326 1076 3391 de
1098 3324 1138 3390 iis
1160 3324 1414 3409 disputaverunt.

447 3447 666 3513 Romanorum
691 3446 856 3512 bominum
878 3445 1011 3512 nomina
1033 3465 1092 3530 per
1115 3443 1293 3509 litterarum
1315 3445 1459 3512 ordinem
1482 3467 1524 3513 ex
1546 3449 1734 3536 gentiliciis,

360 3573 523 3651 quatenus
544 3565 757 3632 innotuerunt
779 3568 833 3632 vel
855 3565 1068 3650 probabiliter
1094 3561 1219 3627 restitui
1245 3567 1428 3650 potuerunt,
1456 3572 1530 3632 sunt
1557 3566 1732 3653 disposita.

360 3689 413 3752 De
428 3683 564 3750 Graecis
580 3690 689 3750 autem
712 3690 746 3750 et
769 3683 915 3749 barbaris
935 3683 976 3749 iis
991 3681 1046 3767 qui
1070 3680 1201 3746 civitate
1216 3681 1361 3746 Romana
1384 3685 1487 3750 ornati
1511 3684 1574 3750 tria
1596 3688 1734 3758 nomina

361 3810 533 3890 gesserunt
555 3805 746 3887 plerumque
769 3802 829 3867 sub
852 3799 1100 3883 cognominibus
1122 3805 1229 3863 actum
1256 3806 1313 3866 est.
1358 3799 1513 3868 Homines
1536 3805 1734 3891 polyonymi

360 3926 414 3994 uel
437 3924 497 3990 sub
521 3922 624 4009 primo
646 3921 779 3988 nomine
795 3921 849 3986 vel
872 3919 932 3985 sub
956 3939 995 3986 eo
1012 3917 1099 4002 quod
1122 3915 1182 3980 fuit
1204 3917 1382 4002 principale
1404 3939 1443 3986 ac
1466 3941 1501 3988 re
1524 3941 1604 3988 vera
1627 3931 1738 4008 pater·

359 4065 438 4112 num
462 4041 593 4110 tractati
609 4047 693 4108 sunt.
741 4039 932 4122 Quicunque
948 4036 1095 4122 pluribus
1118 4034 1300 4100 nominibus
1316 4056 1404 4104 more
1419 4041 1564 4108 Romano
1581 4041 1736 4112 formatis

359 4165 410 4231 usi
443 4168 527 4246 sunt,
566 4181 677 4228 eorum
710 4158 844 4225 nomina
869 4157 958 4222 nuda
985 4154 1045 4220 sub
1073 4172 1288 4236 unoquoque
1320 4157 1449 4224 nomine
1476 4161 1618 4245 repetita
1650 4171 1737 4232 sunt.

360 4282 470 4349 Veluti
499 4281 541 4346 de
574 4279 608 4346 Ο.
632 4279 728 4345 Antio
758 4275 841 4341 Iulio
870 4273 1037 4351 Quadrato
1072 4270 1132 4336 sub
1165 4271 1247 4337 Iulio
1274 4271 1471 4356 disputatum
1504 4284 1564 4363 est,
1599 4283 1738 4350 nomina

271 4401 274 4406 '
360 4400 503 4486 repetita
526 4404 601 4464 sunt
624 4397 684 4462 sub
708 4395 807 4461 Antio
831 4391 864 4460 et
887 4393 947 4458 sub
970 4390 1148 4469 Quadrato.

449 4520 499 4585 De
526 4517 631 4583 forma
654 4515 795 4598 denique
824 4510 933 4597 operis
956 4506 1152 4574 monendum
1176 4514 1225 4571 est
1258 4508 1372 4576 litteris
1405 4516 1573 4595 quadratis
1602 4525 1740 4593 nomina

360 4637 527 4705 bominum
556 4635 677 4702 ordinis
699 4631 856 4700 senatorii
877 4631 1040 4714 impressa
1063 4644 1146 4701 esse,
1170 4622 1279 4692 titulos
1302 4627 1355 4710 qui
1379 4629 1522 4716 Corpore
1546 4637 1738 4727 Inscriptio-

360 4777 439 4823 num
476 4755 666 4820 Latinarum
701 4752 908 4818 continentur
941 4747 1133 4832 plerumque
1172 4761 1229 4824 per
1265 4765 1415 4814 numeros
1447 4752 1552 4819 nudos
1587 4757 1738 4831 indicari.

355 4874 474 4942 ‘Fasti’
503 4874 547 4938 ad
569 4893 651 4956 quos
673 4872 812 4937 lectores
837 4886 939 4950 saepe
962 4863 1018 4928 ubi
1041 4862 1083 4928 de
1106 4860 1328 4926 consulatuum
1350 4863 1601 4941 indicationibus
1624 4879 1739 4962 agitur

362 4996 561 5077 relegantur,
589 4988 759 5055 nuntiasti
782 4987 974 5054 consulares
997 5000 1078 5063 quos
1101 4977 1251 5044 volumen
1274 4988 1421 5061 quartum
1445 4987 1621 5062 exhibebit.
