<?xml version="1.0" encoding="UTF-8"?>
<!DOCTYPE html PUBLIC "-//W3C//DTD XHTML 1.0 Transitional//EN"
    "http://www.w3.org/TR/xhtml1/DTD/xhtml1-transitional.dtd">
<html xmlns="http://www.w3.org/1999/xhtml" xml:lang="en" lang="en">
 <head>
  <title>
</title>
<meta http-equiv="Content-Type" content="text/html;charset=utf-8" />
  <meta name='ocr-system' content='tesseract 3.04.00' />
  <meta name='ocr-capabilities' content='ocr_page ocr_carea ocr_par ocr_line ocrx_word'/>
</head>
<body>
  <div class='ocr_page' id='page_1' title='image "./prosopographiai00dessgoog/prosopographiai00dessgoog_0315.png"; bbox 0 0 3758 5628; ppageno 0'>
   <div class='ocr_carea' id='block_1_1' title="bbox 220 275 1574 344">
    <p class='ocr_par' dir='ltr' id='par_1_1' title="bbox 220 275 1574 344">
     <span class='ocr_line' id='line_1_1' title="bbox 220 275 1574 344; baseline -0.001 0"><span class='ocrx_word' id='word_1_1' title='bbox 220 286 407 344; x_wconf 73' lang='lat' dir='ltr'><strong>canamus</strong></span> <span class='ocrx_word' id='word_1_2' title='bbox 866 275 929 344; x_wconf 87' lang='grc'><strong>307</strong></span> <span class='ocrx_word' id='word_1_3' title='bbox 1345 285 1574 343; x_wconf 81' lang='lat' dir='ltr'><strong>CASCELLIVS</strong></span> 
     </span>
    </p>
   </div>
   <div class='ocr_carea' id='block_1_2' title="bbox 219 482 1576 1186">
    <p class='ocr_par' dir='ltr' id='par_1_2' title="bbox 219 482 1574 671">
     <span class='ocr_line' id='line_1_2' title="bbox 219 482 1574 566; baseline 0 -18"><span class='ocrx_word' id='word_1_4' title='bbox 219 483 283 549; x_wconf 86' lang='grc'><strong>377</strong></span> <span class='ocrx_word' id='word_1_5' title='bbox 307 491 493 548; x_wconf 82' lang='lat' dir='ltr'><strong>CARRINAS</strong></span> <span class='ocrx_word' id='word_1_6' title='bbox 517 491 649 566; x_wconf 77' lang='lat' dir='ltr'><strong>CELER,</strong></span> <span class='ocrx_word' id='word_1_7' title='bbox 674 493 804 548; x_wconf 87' lang='lat' dir='ltr'><strong>senator</strong></span> <span class='ocrx_word' id='word_1_8' title='bbox 824 492 997 548; x_wconf 72' lang='lat' dir='ltr'><strong>accusante</strong></span> <span class='ocrx_word' id='word_1_9' title='bbox 1011 503 1106 548; x_wconf 86' lang='lat' dir='ltr'><strong>servo</strong></span> <span class='ocrx_word' id='word_1_10' title='bbox 1121 482 1298 548; x_wconf 85' lang='lat' dir='ltr'><strong>maiestatis</strong></span> <span class='ocrx_word' id='word_1_11' title='bbox 1313 483 1398 552; x_wconf 83' lang='lat' dir='ltr'><strong>inter</strong></span> <span class='ocrx_word' id='word_1_12' title='bbox 1415 505 1488 549; x_wconf 90' lang='lat' dir='ltr'><strong>reos</strong></span> <span class='ocrx_word' id='word_1_13' title='bbox 1509 505 1574 550; x_wconf 91' lang='lat' dir='ltr'><strong>non</strong></span> 
     </span>
     <span class='ocr_line' id='line_1_3' title="bbox 284 585 781 671; baseline 0.002 -21"><span class='ocrx_word' id='word_1_14' title='bbox 284 595 434 671; x_wconf 89' lang='lat' dir='ltr'><strong>receptus</strong></span> <span class='ocrx_word' id='word_1_15' title='bbox 455 595 505 651; x_wconf 86' lang='lat' dir='ltr'><strong>est</strong></span> <span class='ocrx_word' id='word_1_16' title='bbox 526 585 601 652; x_wconf 85' lang='lat' dir='ltr'><strong>Tac.</strong></span> <span class='ocrx_word' id='word_1_17' title='bbox 618 607 648 654; x_wconf 88' lang='lat' dir='ltr'><strong>a.</strong></span> <span class='ocrx_word' id='word_1_18' title='bbox 662 591 712 663; x_wconf 88' lang='lat'><strong>13,</strong></span> <span class='ocrx_word' id='word_1_19' title='bbox 729 590 781 652; x_wconf 89' lang='lat'><strong>10.</strong></span> 
     </span>
    </p>

    <p class='ocr_par' dir='ltr' id='par_1_3' title="bbox 221 685 1576 1186">
     <span class='ocr_line' id='line_1_4' title="bbox 221 685 1576 774; baseline -0.001 -20"><span class='ocrx_word' id='word_1_20' title='bbox 221 688 286 754; x_wconf 89' lang='grc'><strong>378</strong></span> <span class='ocrx_word' id='word_1_21' title='bbox 308 686 462 753; x_wconf 82' lang='lat' dir='ltr'><strong>Carrinas</strong></span> <span class='ocrx_word' id='word_1_22' title='bbox 493 687 679 770; x_wconf 80' lang='lat' dir='ltr'><strong>Secundus,</strong></span> <span class='ocrx_word' id='word_1_23' title='bbox 712 687 821 753; x_wconf 83' lang='lat' dir='ltr'><strong>rhetor</strong></span> <span class='ocrx_word' id='word_1_24' title='bbox 848 711 869 752; x_wconf 83' lang='lat' dir='ltr'><strong>a</strong></span> <span class='ocrx_word' id='word_1_25' title='bbox 898 688 998 772; x_wconf 84' lang='lat' dir='ltr'><strong>Caio,</strong></span> <span class='ocrx_word' id='word_1_26' title='bbox 1030 690 1109 774; x_wconf 85' lang='lat' dir='ltr'><strong>quia</strong></span> <span class='ocrx_word' id='word_1_27' title='bbox 1138 697 1251 754; x_wconf 87' lang='lat' dir='ltr'><strong>contra</strong></span> <span class='ocrx_word' id='word_1_28' title='bbox 1283 697 1439 774; x_wconf 81' lang='lat' dir='ltr'><strong>tyrannos</strong></span> <span class='ocrx_word' id='word_1_29' title='bbox 1472 685 1576 752; x_wconf 87' lang='lat' dir='ltr'><strong>decla·</strong></span> 
     </span>
     <span class='ocr_line' id='line_1_5' title="bbox 286 787 1575 876; baseline -0.002 -20"><span class='ocrx_word' id='word_1_30' title='bbox 286 800 440 873; x_wconf 74' lang='lat' dir='ltr'><strong>moverat,</strong></span> <span class='ocrx_word' id='word_1_31' title='bbox 465 790 499 854; x_wconf 92' lang='lat' dir='ltr'><strong>in</strong></span> <span class='ocrx_word' id='word_1_32' title='bbox 521 789 655 855; x_wconf 85' lang='lat' dir='ltr'><strong>exilium</strong></span> <span class='ocrx_word' id='word_1_33' title='bbox 675 789 789 876; x_wconf 90' lang='lat' dir='ltr'><strong>pulsus</strong></span> <span class='ocrx_word' id='word_1_34' title='bbox 804 787 870 856; x_wconf 83' lang='lat' dir='ltr'><strong>Dio</strong></span> <span class='ocrx_word' id='word_1_35' title='bbox 884 794 936 868; x_wconf 89' lang='lat'><strong>59,</strong></span> <span class='ocrx_word' id='word_1_36' title='bbox 951 796 1015 868; x_wconf 85' lang='grc'><strong><em>20;</em></strong></span> <span class='ocrx_word' id='word_1_37' title='bbox 1036 827 1076 836; x_wconf 96' lang='grc'>-</span> <span class='ocrx_word' id='word_1_38' title='bbox 1098 825 1139 837; x_wconf 93' lang='lat'><strong>·—</strong></span> <span class='ocrx_word' id='word_1_39' title='bbox 1161 791 1280 856; x_wconf 88' lang='lat' dir='ltr'><strong>‘exitus</strong></span> <span class='ocrx_word' id='word_1_40' title='bbox 1302 789 1445 858; x_wconf 76' lang='lat' dir='ltr'><strong>Secundi</strong></span> <span class='ocrx_word' id='word_1_41' title='bbox 1467 788 1575 855; x_wconf 85' lang='lat' dir='ltr'><strong>Carri-</strong></span> 
     </span>
     <span class='ocr_line' id='line_1_6' title="bbox 285 891 1574 979; baseline 0 -23"><span class='ocrx_word' id='word_1_42' title='bbox 285 893 387 976; x_wconf 81' lang='lat' dir='ltr'><strong>natis3</strong></span> <span class='ocrx_word' id='word_1_43' title='bbox 410 905 443 958; x_wconf 90' lang='lat' dir='ltr'><strong>et</strong></span> <span class='ocrx_word' id='word_1_44' title='bbox 456 892 543 958; x_wconf 91' lang='lat' dir='ltr'><strong>hunc</strong></span> <span class='ocrx_word' id='word_1_45' title='bbox 558 893 686 979; x_wconf 86' lang='lat' dir='ltr'><strong>inopem</strong></span> <span class='ocrx_word' id='word_1_46' title='bbox 703 892 830 958; x_wconf 86' lang='lat' dir='ltr'><strong>vidistis</strong></span> <span class='ocrx_word' id='word_1_47' title='bbox 844 892 993 959; x_wconf 80' lang='lat' dir='ltr'><strong>Athenae</strong></span> <span class='ocrx_word' id='word_1_48' title='bbox 1014 892 1062 957; x_wconf 93' lang='lat' dir='ltr'><strong>nil</strong></span> <span class='ocrx_word' id='word_1_49' title='bbox 1083 901 1212 979; x_wconf 86' lang='lat' dir='ltr'><strong>praeter</strong></span> <span class='ocrx_word' id='word_1_50' title='bbox 1234 891 1358 976; x_wconf 86' lang='lat' dir='ltr'><strong>gelidas</strong></span> <span class='ocrx_word' id='word_1_51' title='bbox 1381 914 1479 958; x_wconf 87' lang='lat' dir='ltr'><strong>ausae</strong></span> <span class='ocrx_word' id='word_1_52' title='bbox 1501 913 1574 956; x_wconf 91' lang='lat' dir='ltr'><strong>con·</strong></span> 
     </span>
     <span class='ocr_line' id='line_1_7' title="bbox 284 995 1576 1081; baseline 0.002 -20"><span class='ocrx_word' id='word_1_53' title='bbox 284 996 370 1062; x_wconf 85' lang='lat' dir='ltr'><strong>ferre</strong></span> <span class='ocrx_word' id='word_1_54' title='bbox 385 997 518 1062; x_wconf 85' lang='lat' dir='ltr'><strong>cicutus‘</strong></span> <span class='ocrx_word' id='word_1_55' title='bbox 536 997 679 1062; x_wconf 80' lang='lat' dir='ltr'><strong>Juvenal.</strong></span> <span class='ocrx_word' id='word_1_56' title='bbox 694 1001 756 1062; x_wconf 84' lang='lat' dir='ltr'><strong>sut.</strong></span> <span class='ocrx_word' id='word_1_57' title='bbox 772 1002 801 1075; x_wconf 97' lang='grc'><strong><em>7,</em></strong></span> <span class='ocrx_word' id='word_1_58' title='bbox 817 1001 879 1062; x_wconf 88' lang='grc'><strong>204</strong></span> <span class='ocrx_word' id='word_1_59' title='bbox 893 1017 969 1080; x_wconf 73' lang='lat' dir='ltr'><strong>sqq,</strong></span> <span class='ocrx_word' id='word_1_60' title='bbox 985 997 1055 1066; x_wconf 86' lang='lat' dir='ltr'><strong>Sec.</strong></span> <span class='ocrx_word' id='word_1_61' title='bbox 1072 995 1227 1062; x_wconf 85' lang='lat' dir='ltr'><strong>Carrinas</strong></span> <span class='ocrx_word' id='word_1_62' title='bbox 1242 995 1397 1080; x_wconf 65' lang='lat' dir='ltr'><strong>(audiam</strong></span> <span class='ocrx_word' id='word_1_63' title='bbox 1412 997 1576 1081; x_wconf 86' lang='lat' dir='ltr'><strong>Socrates)</strong></span> 
     </span>
     <span class='ocr_line' id='line_1_8' title="bbox 284 1097 1237 1186; baseline 0.003 -24"><span class='ocrx_word' id='word_1_64' title='bbox 284 1121 410 1164; x_wconf 86' lang='lat' dir='ltr'><strong>veneno</strong></span> <span class='ocrx_word' id='word_1_65' title='bbox 432 1101 538 1185; x_wconf 86' lang='lat' dir='ltr'><strong>periit,</strong></span> <span class='ocrx_word' id='word_1_66' title='bbox 562 1121 637 1165; x_wconf 91' lang='lat' dir='ltr'><strong>cum</strong></span> <span class='ocrx_word' id='word_1_67' title='bbox 659 1099 789 1184; x_wconf 86' lang='lat' dir='ltr'><strong>fugeret</strong></span> <span class='ocrx_word' id='word_1_68' title='bbox 809 1109 1033 1186; x_wconf 77' lang='lat' dir='ltr'><strong>paupertatem</strong></span> <span class='ocrx_word' id='word_1_69' title='bbox 1053 1097 1148 1167; x_wconf 76' lang='lat' dir='ltr'><strong>solsol.</strong></span> <span class='ocrx_word' id='word_1_70' title='bbox 1172 1099 1237 1166; x_wconf 77' lang='lat' dir='ltr'><strong>ivd.</strong></span> 
     </span>
    </p>
   </div>
   <div class='ocr_carea' id='block_1_3' title="bbox 218 1209 1577 1499">
    <p class='ocr_par' dir='ltr' id='par_1_4' title="bbox 218 1209 1577 1499">
     <span class='ocr_line' id='line_1_9' title="bbox 218 1209 1577 1294; baseline 0 -19"><span class='ocrx_word' id='word_1_71' title='bbox 218 1211 283 1276; x_wconf 89' lang='grc'><strong>379</strong></span> <span class='ocrx_word' id='word_1_72' title='bbox 306 1209 460 1276; x_wconf 85' lang='lat' dir='ltr'><strong>Carrinas</strong></span> <span class='ocrx_word' id='word_1_73' title='bbox 483 1209 669 1294; x_wconf 89' lang='lat' dir='ltr'><strong>Secundus,</strong></span> <span class='ocrx_word' id='word_1_74' title='bbox 699 1231 817 1294; x_wconf 87' lang='lat' dir='ltr'><strong>graeca</strong></span> <span class='ocrx_word' id='word_1_75' title='bbox 838 1209 987 1275; x_wconf 85' lang='lat' dir='ltr'><strong>doctrine</strong></span> <span class='ocrx_word' id='word_1_76' title='bbox 1009 1232 1065 1276; x_wconf 89' lang='lat' dir='ltr'><strong>ore</strong></span> <span class='ocrx_word' id='word_1_77' title='bbox 1087 1220 1181 1275; x_wconf 89' lang='lat' dir='ltr'><strong>tenus</strong></span> <span class='ocrx_word' id='word_1_78' title='bbox 1204 1212 1383 1290; x_wconf 85' lang='lat' dir='ltr'><strong>exercitus,</strong></span> <span class='ocrx_word' id='word_1_79' title='bbox 1405 1233 1425 1277; x_wconf 85' lang='lat' dir='ltr'><strong>a</strong></span> <span class='ocrx_word' id='word_1_80' title='bbox 1446 1211 1577 1276; x_wconf 85' lang='lat' dir='ltr'><strong>Nerone</strong></span> 
     </span>
     <span class='ocr_line' id='line_1_10' title="bbox 284 1311 1576 1401; baseline 0.001 -24"><span class='ocrx_word' id='word_1_81' title='bbox 284 1334 313 1380; x_wconf 87' lang='lat' dir='ltr'><strong>a.</strong></span> <span class='ocrx_word' id='word_1_82' title='bbox 336 1314 378 1378; x_wconf 88' lang='grc'><strong>64</strong></span> <span class='ocrx_word' id='word_1_83' title='bbox 408 1333 483 1377; x_wconf 91' lang='lat' dir='ltr'><strong>cum</strong></span> <span class='ocrx_word' id='word_1_84' title='bbox 506 1313 626 1378; x_wconf 88' lang='lat' dir='ltr'><strong>Acrato</strong></span> <span class='ocrx_word' id='word_1_85' title='bbox 656 1313 689 1376; x_wconf 93' lang='lat' dir='ltr'><strong>in</strong></span> <span class='ocrx_word' id='word_1_86' title='bbox 711 1312 824 1377; x_wconf 87' lang='lat' dir='ltr'><strong>Asiam</strong></span> <span class='ocrx_word' id='word_1_87' title='bbox 855 1322 886 1377; x_wconf 86' lang='lat' dir='ltr'><strong>st</strong></span> <span class='ocrx_word' id='word_1_88' title='bbox 906 1311 1065 1378; x_wconf 84' lang='lat' dir='ltr'><strong>Achaiam</strong></span> <span class='ocrx_word' id='word_1_89' title='bbox 1093 1315 1211 1378; x_wconf 88' lang='lat' dir='ltr'><strong>missus</strong></span> <span class='ocrx_word' id='word_1_90' title='bbox 1233 1311 1275 1378; x_wconf 88' lang='lat' dir='ltr'><strong>ad</strong></span> <span class='ocrx_word' id='word_1_91' title='bbox 1297 1314 1483 1400; x_wconf 89' lang='lat' dir='ltr'><strong>provincias</strong></span> <span class='ocrx_word' id='word_1_92' title='bbox 1505 1335 1576 1401; x_wconf 86' lang='lat' dir='ltr'><strong>spo·</strong></span> 
     </span>
     <span class='ocr_line' id='line_1_11' title="bbox 285 1413 1575 1499; baseline 0.003 -21"><span class='ocrx_word' id='word_1_93' title='bbox 285 1413 410 1481; x_wconf 84' lang='lat' dir='ltr'><strong>liandas</strong></span> <span class='ocrx_word' id='word_1_94' title='bbox 437 1416 511 1481; x_wconf 81' lang='lat' dir='ltr'><strong>Tac.</strong></span> <span class='ocrx_word' id='word_1_95' title='bbox 532 1436 562 1480; x_wconf 86' lang='lat' dir='ltr'><strong>a.</strong></span> <span class='ocrx_word' id='word_1_96' title='bbox 578 1419 628 1492; x_wconf 86' lang='lat'><strong>15,</strong></span> <span class='ocrx_word' id='word_1_97' title='bbox 643 1418 693 1482; x_wconf 86' lang='lat'><strong>45.</strong></span> <span class='ocrx_word' id='word_1_98' title='bbox 730 1414 839 1480; x_wconf 74' lang='lat' dir='ltr'><strong>Fulvus</strong></span> <span class='ocrx_word' id='word_1_99' title='bbox 858 1415 982 1480; x_wconf 75' lang='lat' dir='ltr'><strong>videtvr</strong></span> <span class='ocrx_word' id='word_1_100' title='bbox 1004 1416 1072 1480; x_wconf 82' lang='lat' dir='ltr'><strong>vius</strong></span> <span class='ocrx_word' id='word_1_101' title='bbox 1096 1417 1152 1498; x_wconf 76' lang='lat' dir='ltr'><strong>qui</strong></span> <span class='ocrx_word' id='word_1_102' title='bbox 1166 1415 1340 1498; x_wconf 77' lang='lat' dir='ltr'><strong>praecedit.</strong></span> <span class='ocrx_word' id='word_1_103' title='bbox 1383 1415 1434 1499; x_wconf 73' lang='lat' dir='ltr'><strong>Cf.</strong></span> <span class='ocrx_word' id='word_1_104' title='bbox 1456 1437 1489 1482; x_wconf 87' lang='lat' dir='ltr'><strong>u.</strong></span> <span class='ocrx_word' id='word_1_105' title='bbox 1503 1420 1575 1482; x_wconf 87' lang='grc'><strong><em>376.</em></strong></span> 
     </span>
    </p>
   </div>
   <div class='ocr_carea' id='block_1_4' title="bbox 220 1499 1576 1922">
    <p class='ocr_par' dir='ltr' id='par_1_5' title="bbox 220 1499 1576 1922">
     <span class='ocr_line' id='line_1_12' title="bbox 220 1499 1575 1613; baseline 0.001 -22"><span class='ocrx_word' id='word_1_106' title='bbox 220 1527 287 1592; x_wconf 90' lang='grc'><strong>380</strong></span> <span class='ocrx_word' id='word_1_107' title='bbox 310 1535 506 1591; x_wconf 80' lang='lat' dir='ltr'><strong>GARSIDIVS</strong></span> <span class='ocrx_word' id='word_1_108' title='bbox 530 1499 732 1610; x_wconf 69' lang='grc'><strong><em>84003008,</em></strong></span> <span class='ocrx_word' id='word_1_109' title='bbox 762 1549 791 1594; x_wconf 84' lang='lat' dir='ltr'><strong>a.</strong></span> <span class='ocrx_word' id='word_1_110' title='bbox 813 1527 855 1592; x_wconf 81' lang='grc'><strong>23</strong></span> <span class='ocrx_word' id='word_1_111' title='bbox 877 1548 952 1590; x_wconf 88' lang='lat' dir='ltr'><strong>reus</strong></span> <span class='ocrx_word' id='word_1_112' title='bbox 975 1537 1140 1613; x_wconf 82' lang='lat' dir='ltr'><strong>tamquam</strong></span> <span class='ocrx_word' id='word_1_113' title='bbox 1165 1526 1325 1592; x_wconf 59' lang='lat' dir='ltr'><strong>musculo</strong></span> <span class='ocrx_word' id='word_1_114' title='bbox 1347 1528 1473 1592; x_wconf 90' lang='lat' dir='ltr'><strong>hostem</strong></span> <span class='ocrx_word' id='word_1_115' title='bbox 1493 1525 1575 1593; x_wconf 83' lang='lat' dir='ltr'><strong>Tac·</strong></span> 
     </span>
     <span class='ocr_line' id='line_1_13' title="bbox 286 1627 1575 1714; baseline -0.002 -19"><span class='ocrx_word' id='word_1_116' title='bbox 286 1629 455 1696; x_wconf 79' lang='lat' dir='ltr'><strong>larinatem</strong></span> <span class='ocrx_word' id='word_1_117' title='bbox 479 1631 625 1714; x_wconf 80' lang='lat' dir='ltr'><strong>iuvisset,</strong></span> <span class='ocrx_word' id='word_1_118' title='bbox 649 1627 816 1694; x_wconf 87' lang='lat' dir='ltr'><strong>absolutus</strong></span> <span class='ocrx_word' id='word_1_119' title='bbox 839 1639 888 1694; x_wconf 87' lang='lat' dir='ltr'><strong>est</strong></span> <span class='ocrx_word' id='word_1_120' title='bbox 914 1629 1034 1696; x_wconf 76' lang='lat' dir='ltr'><strong>Taua.</strong></span> <span class='ocrx_word' id='word_1_121' title='bbox 1053 1633 1158 1707; x_wconf 86' lang='grc'><strong><em>4,13,·</em></strong></span> <span class='ocrx_word' id='word_1_122' title='bbox 1180 1628 1369 1714; x_wconf 86' lang='lat' dir='ltr'><strong>[Cars]idius</strong></span> <span class='ocrx_word' id='word_1_123' title='bbox 1393 1628 1575 1714; x_wconf 67' lang='lat' dir='ltr'><strong>summos]</strong></span> 
     </span>
     <span class='ocr_line' id='line_1_14' title="bbox 286 1730 1574 1818; baseline -0.001 -21"><span class='ocrx_word' id='word_1_124' title='bbox 286 1731 381 1816; x_wconf 87' lang='lat' dir='ltr'><strong>[urb.]</strong></span> <span class='ocrx_word' id='word_1_125' title='bbox 405 1733 562 1818; x_wconf 84' lang='lat' dir='ltr'><strong>(praetor)</strong></span> <span class='ocrx_word' id='word_1_126' title='bbox 585 1754 614 1796; x_wconf 90' lang='lat' dir='ltr'><strong>a.</strong></span> <span class='ocrx_word' id='word_1_127' title='bbox 637 1733 678 1798; x_wconf 85' lang='grc'><strong><em>27</em></strong></span> <span class='ocrx_word' id='word_1_128' title='bbox 702 1732 783 1813; x_wconf 77' lang='lat' dir='ltr'><strong>sacti</strong></span> <span class='ocrx_word' id='word_1_129' title='bbox 799 1731 970 1796; x_wconf 79' lang='lat' dir='ltr'><strong>Arvalium</strong></span> <span class='ocrx_word' id='word_1_130' title='bbox 997 1730 1075 1797; x_wconf 79' lang='lat'><strong>011.</strong></span> <span class='ocrx_word' id='word_1_131' title='bbox 1089 1731 1130 1797; x_wconf 76' lang='lat'><strong>1⁹</strong></span> <span class='ocrx_word' id='word_1_132' title='bbox 1149 1753 1184 1815; x_wconf 86' lang='lat' dir='ltr'><strong>p.</strong></span> <span class='ocrx_word' id='word_1_133' title='bbox 1202 1737 1258 1812; x_wconf 83' lang='lat'><strong><em>71,·</em></strong></span> <span class='ocrx_word' id='word_1_134' title='bbox 1278 1733 1458 1818; x_wconf 87' lang='lat' dir='ltr'><strong>praetorius</strong></span> <span class='ocrx_word' id='word_1_135' title='bbox 1480 1754 1509 1799; x_wconf 85' lang='lat' dir='ltr'><strong>a.</strong></span> <span class='ocrx_word' id='word_1_136' title='bbox 1533 1732 1574 1797; x_wconf 88' lang='grc'><strong>37</strong></span> 
     </span>
     <span class='ocr_line' id='line_1_15' title="bbox 285 1832 1576 1922; baseline 0 -23"><span class='ocrx_word' id='word_1_137' title='bbox 285 1845 321 1900; x_wconf 87' lang='lat' dir='ltr'><strong>ut</strong></span> <span class='ocrx_word' id='word_1_138' title='bbox 342 1837 490 1900; x_wconf 88' lang='lat' dir='ltr'><strong>minister</strong></span> <span class='ocrx_word' id='word_1_139' title='bbox 511 1845 698 1922; x_wconf 89' lang='lat' dir='ltr'><strong>stuprorum</strong></span> <span class='ocrx_word' id='word_1_140' title='bbox 715 1832 898 1899; x_wconf 86' lang='lat' dir='ltr'><strong>Albucillae</strong></span> <span class='ocrx_word' id='word_1_141' title='bbox 919 1836 952 1898; x_wconf 93' lang='lat' dir='ltr'><strong>in</strong></span> <span class='ocrx_word' id='word_1_142' title='bbox 975 1833 1115 1900; x_wconf 85' lang='lat' dir='ltr'><strong>insulam</strong></span> <span class='ocrx_word' id='word_1_143' title='bbox 1135 1833 1323 1921; x_wconf 71' lang='lat' dir='ltr'><strong>deportatum</strong></span> <span class='ocrx_word' id='word_1_144' title='bbox 1341 1835 1415 1903; x_wconf 85' lang='lat' dir='ltr'><strong>Tac.</strong></span> <span class='ocrx_word' id='word_1_145' title='bbox 1432 1857 1462 1900; x_wconf 87' lang='lat' dir='ltr'><strong>a.</strong></span> <span class='ocrx_word' id='word_1_146' title='bbox 1480 1840 1509 1912; x_wconf 89' lang='lat'><strong>6,</strong></span> <span class='ocrx_word' id='word_1_147' title='bbox 1524 1837 1576 1900; x_wconf 83' lang='lat'><strong>48.</strong></span> 
     </span>
    </p>
   </div>
   <div class='ocr_carea' id='block_1_5' title="bbox 217 1944 1578 2248">
    <p class='ocr_par' dir='ltr' id='par_1_6' title="bbox 217 1944 1578 2248">
     <span class='ocr_line' id='line_1_16' title="bbox 218 1944 1576 2031; baseline 0 -19"><span class='ocrx_word' id='word_1_148' title='bbox 218 1947 280 2012; x_wconf 85' lang='lat'><strong>381</strong></span> <span class='ocrx_word' id='word_1_149' title='bbox 306 1945 471 2031; x_wconf 80' lang='lat' dir='ltr'><strong>Curtilius,</strong></span> <span class='ocrx_word' id='word_1_150' title='bbox 495 1948 565 2011; x_wconf 85' lang='lat' dir='ltr'><strong>iure</strong></span> <span class='ocrx_word' id='word_1_151' title='bbox 580 1945 756 2031; x_wconf 85' lang='lat' dir='ltr'><strong>consultus,</strong></span> <span class='ocrx_word' id='word_1_152' title='bbox 773 1947 826 2010; x_wconf 91' lang='lat' dir='ltr'><strong>cui</strong></span> <span class='ocrx_word' id='word_1_153' title='bbox 844 1944 1000 2011; x_wconf 88' lang='lat' dir='ltr'><strong>Proculus</strong></span> <span class='ocrx_word' id='word_1_154' title='bbox 1015 1968 1167 2011; x_wconf 87' lang='lat' dir='ltr'><strong>assensus</strong></span> <span class='ocrx_word' id='word_1_155' title='bbox 1184 1956 1232 2012; x_wconf 89' lang='lat' dir='ltr'><strong>est</strong></span> <span class='ocrx_word' id='word_1_156' title='bbox 1245 1945 1439 2030; x_wconf 79' lang='lat' dir='ltr'><strong>vanpvniue</strong></span> <span class='ocrx_word' id='word_1_157' title='bbox 1451 1944 1576 2030; x_wconf 64' lang='lat' dir='ltr'><strong>Dice-sl.</strong></span> 
     </span>
     <span class='ocr_line' id='line_1_17' title="bbox 283 2048 1127 2132; baseline -0.001 -18"><span class='ocrx_word' id='word_1_158' title='bbox 283 2052 337 2126; x_wconf 97' lang='grc'><strong>28,</strong></span> <span class='ocrx_word' id='word_1_159' title='bbox 352 2051 382 2126; x_wconf 87' lang='grc'><strong>5,</strong></span> <span class='ocrx_word' id='word_1_160' title='bbox 400 2054 449 2127; x_wconf 94' lang='grc'><strong>70,</strong></span> <span class='ocrx_word' id='word_1_161' title='bbox 473 2050 591 2114; x_wconf 85' lang='lat' dir='ltr'><strong>citatur</strong></span> <span class='ocrx_word' id='word_1_162' title='bbox 614 2049 654 2114; x_wconf 81' lang='lat' dir='ltr'><strong>ab</strong></span> <span class='ocrx_word' id='word_1_163' title='bbox 679 2048 819 2132; x_wconf 81' lang='lat' dir='ltr'><strong>leiauv</strong></span> <span class='ocrx_word' id='word_1_164' title='bbox 841 2048 906 2115; x_wconf 84' lang='lat' dir='ltr'><strong>ilul.</strong></span> <span class='ocrx_word' id='word_1_165' title='bbox 922 2053 971 2125; x_wconf 87' lang='grc'><strong>13,</strong></span> <span class='ocrx_word' id='word_1_166' title='bbox 987 2053 1061 2126; x_wconf 85' lang='grc'><strong><em>6,5,</em></strong></span> <span class='ocrx_word' id='word_1_167' title='bbox 1078 2054 1127 2114; x_wconf 89' lang='grc'><strong>13.</strong></span> 
     </span>
     <span class='ocr_line' id='line_1_18' title="bbox 217 2158 1578 2248; baseline -0.001 -23"><span class='ocrx_word' id='word_1_168' title='bbox 217 2159 283 2225; x_wconf 83' lang='grc'><strong>382</strong></span> <span class='ocrx_word' id='word_1_169' title='bbox 305 2159 539 2226; x_wconf 83' lang='lat' dir='ltr'><strong>Cartimandua</strong></span> <span class='ocrx_word' id='word_1_170' title='bbox 546 2210 555 2245; x_wconf 89' lang='lat'><strong><em>,</em></strong></span> <span class='ocrx_word' id='word_1_171' title='bbox 583 2163 696 2244; x_wconf 88' lang='lat' dir='ltr'><strong>regina</strong></span> <span class='ocrx_word' id='word_1_172' title='bbox 726 2161 935 2244; x_wconf 84' lang='lat' dir='ltr'><strong>Brigantum,</strong></span> <span class='ocrx_word' id='word_1_173' title='bbox 967 2183 1051 2224; x_wconf 85' lang='lat' dir='ltr'><strong>uxor</strong></span> <span class='ocrx_word' id='word_1_174' title='bbox 1072 2161 1224 2243; x_wconf 87' lang='lat' dir='ltr'><strong>Venutii,</strong></span> <span class='ocrx_word' id='word_1_175' title='bbox 1252 2182 1316 2248; x_wconf 91' lang='lat' dir='ltr'><strong>quo</strong></span> <span class='ocrx_word' id='word_1_176' title='bbox 1339 2171 1447 2247; x_wconf 86' lang='lat' dir='ltr'><strong>spreto</strong></span> <span class='ocrx_word' id='word_1_177' title='bbox 1471 2158 1578 2225; x_wconf 89' lang='lat' dir='ltr'><strong>Vello-</strong></span> 
     </span>
    </p>
   </div>
   <div class='ocr_carea' id='block_1_6' title="bbox 284 2262 1578 2444">
    <p class='ocr_par' dir='ltr' id='par_1_7' title="bbox 284 2262 1578 2444">
     <span class='ocr_line' id='line_1_19' title="bbox 284 2262 1578 2350; baseline -0.001 -23"><span class='ocrx_word' id='word_1_178' title='bbox 284 2273 390 2328; x_wconf 89' lang='lat' dir='ltr'><strong>catum</strong></span> <span class='ocrx_word' id='word_1_179' title='bbox 419 2264 615 2346; x_wconf 84' lang='lat' dir='ltr'><strong>armigerum</strong></span> <span class='ocrx_word' id='word_1_180' title='bbox 645 2266 714 2328; x_wconf 89' lang='lat' dir='ltr'><strong>eius</strong></span> <span class='ocrx_word' id='word_1_181' title='bbox 744 2265 777 2328; x_wconf 91' lang='lat' dir='ltr'><strong>in</strong></span> <span class='ocrx_word' id='word_1_182' title='bbox 809 2265 1050 2328; x_wconf 88' lang='lat' dir='ltr'><strong>matrimonium</strong></span> <span class='ocrx_word' id='word_1_183' title='bbox 1084 2285 1285 2350; x_wconf 84' lang='lat' dir='ltr'><strong>regnumque</strong></span> <span class='ocrx_word' id='word_1_184' title='bbox 1315 2265 1459 2350; x_wconf 82' lang='lat' dir='ltr'><strong>accepit3</strong></span> <span class='ocrx_word' id='word_1_185' title='bbox 1490 2262 1578 2327; x_wconf 89' lang='lat' dir='ltr'><strong>unde</strong></span> 
     </span>
     <span class='ocr_line' id='line_1_20' title="bbox 286 2365 1364 2444; baseline 0.001 -15"><span class='ocrx_word' id='word_1_186' title='bbox 286 2365 406 2430; x_wconf 90' lang='lat' dir='ltr'><strong>bellum</strong></span> <span class='ocrx_word' id='word_1_187' title='bbox 429 2366 618 2432; x_wconf 89' lang='lat' dir='ltr'><strong>intestinum</strong></span> <span class='ocrx_word' id='word_1_188' title='bbox 641 2376 748 2431; x_wconf 90' lang='lat' dir='ltr'><strong>ortum</strong></span> <span class='ocrx_word' id='word_1_189' title='bbox 771 2375 819 2430; x_wconf 86' lang='lat' dir='ltr'><strong>est</strong></span> <span class='ocrx_word' id='word_1_190' title='bbox 843 2365 917 2430; x_wconf 80' lang='lat' dir='ltr'><strong>Tac.</strong></span> <span class='ocrx_word' id='word_1_191' title='bbox 942 2387 972 2430; x_wconf 89' lang='lat' dir='ltr'><strong>v.</strong></span> <span class='ocrx_word' id='word_1_192' title='bbox 996 2371 1048 2443; x_wconf 89' lang='grc'><strong>12,</strong></span> <span class='ocrx_word' id='word_1_193' title='bbox 1070 2371 1120 2431; x_wconf 88' lang='lat'><strong>36.</strong></span> <span class='ocrx_word' id='word_1_194' title='bbox 1141 2371 1190 2444; x_wconf 89' lang='grc'><strong>40,</strong></span> <span class='ocrx_word' id='word_1_195' title='bbox 1212 2366 1243 2432; x_wconf 78' lang='lat' dir='ltr'><strong>lt.</strong></span> <span class='ocrx_word' id='word_1_196' title='bbox 1262 2372 1293 2444; x_wconf 86' lang='lat'><strong>3,</strong></span> <span class='ocrx_word' id='word_1_197' title='bbox 1315 2371 1364 2432; x_wconf 81' lang='grc'><strong><em>46.</em></strong></span> 
     </span>
    </p>
   </div>
   <div class='ocr_carea' id='block_1_7' title="bbox 217 2483 1578 2774">
    <p class='ocr_par' dir='ltr' id='par_1_8' title="bbox 217 2483 1578 2774">
     <span class='ocr_line' id='line_1_21' title="bbox 217 2483 1578 2570; baseline 0.001 -20"><span class='ocrx_word' id='word_1_198' title='bbox 217 2487 285 2552; x_wconf 91' lang='grc'><strong>383</strong></span> <span class='ocrx_word' id='word_1_199' title='bbox 308 2483 471 2552; x_wconf 86' lang='lat' dir='ltr'><strong>Carvilius</strong></span> <span class='ocrx_word' id='word_1_200' title='bbox 500 2485 611 2550; x_wconf 84' lang='lat' dir='ltr'><strong>Pictor</strong></span> <span class='ocrx_word' id='word_1_201' title='bbox 640 2484 818 2568; x_wconf 84' lang='lat' dir='ltr'><strong>(Carbilius</strong></span> <span class='ocrx_word' id='word_1_202' title='bbox 848 2485 1012 2569; x_wconf 81' lang='lat' dir='ltr'><strong>traditur),</strong></span> <span class='ocrx_word' id='word_1_203' title='bbox 1043 2487 1136 2551; x_wconf 89' lang='lat' dir='ltr'><strong>cuius</strong></span> <span class='ocrx_word' id='word_1_204' title='bbox 1166 2496 1216 2551; x_wconf 91' lang='lat' dir='ltr'><strong>est</strong></span> <span class='ocrx_word' id='word_1_205' title='bbox 1237 2484 1319 2550; x_wconf 91' lang='lat' dir='ltr'><strong>liber</strong></span> <span class='ocrx_word' id='word_1_206' title='bbox 1341 2487 1375 2551; x_wconf 95' lang='lat' dir='ltr'><strong>in</strong></span> <span class='ocrx_word' id='word_1_207' title='bbox 1395 2485 1578 2570; x_wconf 86' lang='lat' dir='ltr'><strong>Vergilium</strong></span> 
     </span>
     <span class='ocr_line' id='line_1_22' title="bbox 286 2586 1577 2676; baseline 0.001 -23"><span class='ocrx_word' id='word_1_208' title='bbox 286 2590 426 2676; x_wconf 86' lang='lat' dir='ltr'><strong>scriptus</strong></span> <span class='ocrx_word' id='word_1_209' title='bbox 450 2586 542 2653; x_wconf 88' lang='lat' dir='ltr'><strong>titulo</strong></span> <span class='ocrx_word' id='word_1_210' title='bbox 566 2588 797 2653; x_wconf 84' lang='lat' dir='ltr'><strong>Aeneomastix</strong></span> <span class='ocrx_word' id='word_1_211' title='bbox 816 2586 943 2652; x_wconf 84' lang='lat' dir='ltr'><strong>Donati</strong></span> <span class='ocrx_word' id='word_1_212' title='bbox 962 2588 1016 2652; x_wconf 84' lang='lat' dir='ltr'><strong>vil.</strong></span> <span class='ocrx_word' id='word_1_213' title='bbox 1040 2587 1173 2671; x_wconf 68' lang='lat' dir='ltr'><strong>Vergilii</strong></span> <span class='ocrx_word' id='word_1_214' title='bbox 1186 2610 1223 2673; x_wconf 80' lang='lat' dir='ltr'><strong>p.</strong></span> <span class='ocrx_word' id='word_1_215' title='bbox 1236 2593 1276 2653; x_wconf 86' lang='grc'><strong>65</strong></span> <span class='ocrx_word' id='word_1_216' title='bbox 1297 2588 1427 2656; x_wconf 80' lang='lat' dir='ltr'><strong>Sueten.</strong></span> <span class='ocrx_word' id='word_1_217' title='bbox 1450 2586 1577 2656; x_wconf 80' lang='lat' dir='ltr'><strong>valed.</strong></span> 
     </span>
     <span class='ocr_line' id='line_1_23' title="bbox 286 2689 1346 2774; baseline 0.001 -18"><span class='ocrx_word' id='word_1_218' title='bbox 286 2689 535 2770; x_wconf 75' lang='lat' dir='ltr'><strong>Reifferscheicl;</strong></span> <span class='ocrx_word' id='word_1_219' title='bbox 557 2690 823 2774; x_wconf 85' lang='lat' dir='ltr'><strong>Vergiliomastix</strong></span> <span class='ocrx_word' id='word_1_220' title='bbox 845 2692 964 2756; x_wconf 87' lang='lat' dir='ltr'><strong>citatur</strong></span> <span class='ocrx_word' id='word_1_221' title='bbox 986 2690 1074 2758; x_wconf 79' lang='lat' dir='ltr'><strong>Serv.</strong></span> <span class='ocrx_word' id='word_1_222' title='bbox 1098 2691 1142 2756; x_wconf 80' lang='lat' dir='ltr'><strong>ad</strong></span> <span class='ocrx_word' id='word_1_223' title='bbox 1163 2691 1217 2756; x_wconf 87' lang='lat' dir='ltr'><strong>ccl.</strong></span> <span class='ocrx_word' id='word_1_224' title='bbox 1240 2697 1273 2770; x_wconf 89' lang='grc'><strong>2,</strong></span> <span class='ocrx_word' id='word_1_225' title='bbox 1291 2695 1346 2759; x_wconf 86' lang='grc'><strong>23.</strong></span> 
     </span>
    </p>
   </div>
   <div class='ocr_carea' id='block_1_8' title="bbox 222 2809 1579 3204">
    <p class='ocr_par' dir='ltr' id='par_1_9' title="bbox 222 2809 1579 3204">
     <span class='ocr_line' id='line_1_24' title="bbox 222 2809 1578 2898; baseline 0 -22"><span class='ocrx_word' id='word_1_226' title='bbox 222 2812 286 2876; x_wconf 87' lang='grc'><strong>384</strong></span> <span class='ocrx_word' id='word_1_227' title='bbox 309 2810 423 2893; x_wconf 87' lang='lat' dir='ltr'><strong>Carus,</strong></span> <span class='ocrx_word' id='word_1_228' title='bbox 452 2821 548 2897; x_wconf 83' lang='lat' dir='ltr'><strong>poeta</strong></span> <span class='ocrx_word' id='word_1_229' title='bbox 570 2821 602 2875; x_wconf 90' lang='lat' dir='ltr'><strong>et</strong></span> <span class='ocrx_word' id='word_1_230' title='bbox 624 2812 748 2876; x_wconf 87' lang='lat' dir='ltr'><strong>amicus</strong></span> <span class='ocrx_word' id='word_1_231' title='bbox 770 2809 901 2894; x_wconf 84' lang='lat' dir='ltr'><strong>Ovidii,</strong></span> <span class='ocrx_word' id='word_1_232' title='bbox 931 2810 974 2875; x_wconf 90' lang='lat' dir='ltr'><strong>ad</strong></span> <span class='ocrx_word' id='word_1_233' title='bbox 996 2832 1091 2897; x_wconf 89' lang='lat' dir='ltr'><strong>quem</strong></span> <span class='ocrx_word' id='word_1_234' title='bbox 1115 2812 1243 2898; x_wconf 82' lang='lat' dir='ltr'><strong>scripsit</strong></span> <span class='ocrx_word' id='word_1_235' title='bbox 1263 2811 1394 2878; x_wconf 73' lang='lat' dir='ltr'><strong>Ovidius</strong></span> <span class='ocrx_word' id='word_1_236' title='bbox 1415 2832 1454 2876; x_wconf 82' lang='lat' dir='ltr'><strong>av</strong></span> <span class='ocrx_word' id='word_1_237' title='bbox 1475 2809 1578 2877; x_wconf 88' lang='lat' dir='ltr'><strong>Pvutv</strong></span> 
     </span>
     <span class='ocr_line' id='line_1_25' title="bbox 285 2911 1578 2998; baseline 0.002 -22"><span class='ocrx_word' id='word_1_238' title='bbox 285 2917 396 2992; x_wconf 84' lang='lat'><strong><em>4,13,·</em></strong></span> <span class='ocrx_word' id='word_1_239' title='bbox 424 2915 577 2998; x_wconf 87' lang='lat' dir='ltr'><strong>magister</strong></span> <span class='ocrx_word' id='word_1_240' title='bbox 605 2912 747 2979; x_wconf 89' lang='lat' dir='ltr'><strong>filiorum</strong></span> <span class='ocrx_word' id='word_1_241' title='bbox 770 2915 955 2982; x_wconf 83' lang='lat' dir='ltr'><strong>Germanici</strong></span> <span class='ocrx_word' id='word_1_242' title='bbox 983 2911 1047 2978; x_wconf 75' lang='lat' dir='ltr'><strong>iod.</strong></span> <span class='ocrx_word' id='word_1_243' title='bbox 1069 2934 1098 2979; x_wconf 94' lang='lat' dir='ltr'><strong>v.</strong></span> <span class='ocrx_word' id='word_1_244' title='bbox 1119 2918 1161 2979; x_wconf 86' lang='lat'><strong>46</strong></span> <span class='ocrx_word' id='word_1_245' title='bbox 1167 2933 1178 2992; x_wconf 89' lang='lat'><em>;</em></span> <span class='ocrx_word' id='word_1_246' title='bbox 1206 2913 1247 2980; x_wconf 91' lang='lat' dir='ltr'><strong>de</strong></span> <span class='ocrx_word' id='word_1_247' title='bbox 1276 2912 1419 2980; x_wconf 86' lang='lat' dir='ltr'><strong>Hercule</strong></span> <span class='ocrx_word' id='word_1_248' title='bbox 1448 2936 1578 2980; x_wconf 83' lang='lat' dir='ltr'><strong>carmen</strong></span> 
     </span>
     <span class='ocr_line' id='line_1_26' title="bbox 287 3007 1579 3104; baseline 0.001 -26"><span class='ocrx_word' id='word_1_249' title='bbox 287 3017 453 3102; x_wconf 80' lang='lat' dir='ltr'><strong>pepigerat</strong></span> <span class='ocrx_word' id='word_1_250' title='bbox 475 3015 539 3084; x_wconf 82' lang='lat' dir='ltr'><strong>ilul.</strong></span> <span class='ocrx_word' id='word_1_251' title='bbox 553 3037 581 3084; x_wconf 88' lang='lat' dir='ltr'><strong>v.</strong></span> <span class='ocrx_word' id='word_1_252' title='bbox 598 3022 638 3083; x_wconf 86' lang='lat'><strong>11</strong></span> <span class='ocrx_word' id='word_1_253' title='bbox 657 3023 688 3083; x_wconf 87' lang='lat' dir='ltr'><strong>vt</strong></span> <span class='ocrx_word' id='word_1_254' title='bbox 709 3039 747 3082; x_wconf 82' lang='lat' dir='ltr'><strong>ac</strong></span> <span class='ocrx_word' id='word_1_255' title='bbox 764 3015 867 3082; x_wconf 84' lang='lat' dir='ltr'><strong>Paulo</strong></span> <span class='ocrx_word' id='word_1_256' title='bbox 881 3022 910 3094; x_wconf 92' lang='lat'><strong>4,</strong></span> <span class='ocrx_word' id='word_1_257' title='bbox 927 3020 977 3104; x_wconf 86' lang='grc'><strong>16,</strong></span> <span class='ocrx_word' id='word_1_258' title='bbox 996 3021 1023 3080; x_wconf 88' lang='grc'><strong>7.</strong></span> <span class='ocrx_word' id='word_1_259' title='bbox 1061 3013 1118 3081; x_wconf 82' lang='lat' dir='ltr'><strong>Ad</strong></span> <span class='ocrx_word' id='word_1_260' title='bbox 1131 3007 1261 3081; x_wconf 78' lang='lat' dir='ltr'><strong>eundem</strong></span> <span class='ocrx_word' id='word_1_261' title='bbox 1275 3016 1438 3100; x_wconf 61' lang='lat' dir='ltr'><strong>summme</strong></span> <span class='ocrx_word' id='word_1_262' title='bbox 1454 3015 1579 3080; x_wconf 81' lang='lat' dir='ltr'><strong>vidctvu</strong></span> 
     </span>
     <span class='ocr_line' id='line_1_27' title="bbox 290 3117 1244 3204; baseline 0.001 -21"><span class='ocrx_word' id='word_1_263' title='bbox 290 3117 420 3184; x_wconf 63' lang='lat' dir='ltr'><strong>Osirim</strong></span> <span class='ocrx_word' id='word_1_264' title='bbox 441 3119 537 3204; x_wconf 68' lang='lat' dir='ltr'><strong>Tua.</strong></span> <span class='ocrx_word' id='word_1_265' title='bbox 552 3119 617 3196; x_wconf 83' lang='grc'><strong>3,5</strong></span> <span class='ocrx_word' id='word_1_266' title='bbox 639 3121 680 3202; x_wconf 79' lang='lat' dir='ltr'><strong>cf.</strong></span> <span class='ocrx_word' id='word_1_267' title='bbox 703 3141 731 3184; x_wconf 91' lang='lat' dir='ltr'><strong>v.</strong></span> <span class='ocrx_word' id='word_1_268' title='bbox 747 3124 787 3184; x_wconf 87' lang='grc'><strong>16</strong></span> <span class='ocrx_word' id='word_1_269' title='bbox 802 3140 847 3202; x_wconf 79' lang='lat' dir='ltr'><strong>sq.</strong></span> <span class='ocrx_word' id='word_1_270' title='bbox 869 3124 900 3184; x_wconf 85' lang='lat' dir='ltr'><strong>ct</strong></span> <span class='ocrx_word' id='word_1_271' title='bbox 921 3140 959 3186; x_wconf 81' lang='lat' dir='ltr'><strong>ea</strong></span> <span class='ocrx_word' id='word_1_272' title='bbox 981 3117 1244 3196; x_wconf 84' lang='lat' dir='ltr'><strong>Pouto4,13,9.</strong></span> 
     </span>
    </p>
   </div>
   <div class='ocr_carea' id='block_1_9' title="bbox 223 3236 1580 4878">
    <p class='ocr_par' dir='ltr' id='par_1_10' title="bbox 223 3236 1580 3531">
     <span class='ocr_line' id='line_1_28' title="bbox 223 3236 1580 3324; baseline 0 -22"><span class='ocrx_word' id='word_1_273' title='bbox 223 3237 430 3322; x_wconf 72' lang='lat' dir='ltr'><strong>sacoaras,</strong></span> <span class='ocrx_word' id='word_1_274' title='bbox 461 3248 557 3324; x_wconf 87' lang='lat' dir='ltr'><strong>poeta</strong></span> <span class='ocrx_word' id='word_1_275' title='bbox 585 3248 691 3305; x_wconf 84' lang='lat' dir='ltr'><strong>aetate</strong></span> <span class='ocrx_word' id='word_1_276' title='bbox 719 3239 899 3304; x_wconf 86' lang='lat' dir='ltr'><strong>Domitiani</strong></span> <span class='ocrx_word' id='word_1_277' title='bbox 928 3259 1031 3322; x_wconf 90' lang='lat' dir='ltr'><strong>agone</strong></span> <span class='ocrx_word' id='word_1_278' title='bbox 1053 3237 1181 3303; x_wconf 88' lang='lat' dir='ltr'><strong>Albano</strong></span> <span class='ocrx_word' id='word_1_279' title='bbox 1211 3246 1384 3304; x_wconf 86' lang='lat' dir='ltr'><strong>coronatus</strong></span> <span class='ocrx_word' id='word_1_280' title='bbox 1408 3236 1580 3304; x_wconf 81' lang='lat' dir='ltr'><strong>Martialis</strong></span> 
     </span>
     <span class='ocr_line' id='line_1_29' title="bbox 286 3339 1579 3428; baseline 0 -24"><span class='ocrx_word' id='word_1_281' title='bbox 286 3345 317 3416; x_wconf 89' lang='lat'><strong>9,</strong></span> <span class='ocrx_word' id='word_1_282' title='bbox 340 3345 393 3408; x_wconf 91' lang='grc'><strong>23.</strong></span> <span class='ocrx_word' id='word_1_283' title='bbox 415 3345 468 3417; x_wconf 88' lang='grc'><strong><em>24,</em></strong></span> <span class='ocrx_word' id='word_1_284' title='bbox 493 3343 550 3427; x_wconf 92' lang='lat' dir='ltr'><strong>qui</strong></span> <span class='ocrx_word' id='word_1_285' title='bbox 579 3341 621 3406; x_wconf 87' lang='lat' dir='ltr'><strong>ad</strong></span> <span class='ocrx_word' id='word_1_286' title='bbox 649 3363 723 3408; x_wconf 89' lang='lat' dir='ltr'><strong>eum</strong></span> <span class='ocrx_word' id='word_1_287' title='bbox 754 3343 884 3428; x_wconf 77' lang='lat' dir='ltr'><strong>scripsit</strong></span> <span class='ocrx_word' id='word_1_288' title='bbox 905 3351 937 3406; x_wconf 86' lang='lat' dir='ltr'><strong>et</strong></span> <span class='ocrx_word' id='word_1_289' title='bbox 959 3342 1057 3426; x_wconf 69' lang='lat' dir='ltr'><strong>epigr.</strong></span> <span class='ocrx_word' id='word_1_290' title='bbox 1079 3345 1109 3419; x_wconf 87' lang='lat'><strong>9,</strong></span> <span class='ocrx_word' id='word_1_291' title='bbox 1131 3345 1171 3406; x_wconf 89' lang='grc'><strong><em>54</em></strong></span> <span class='ocrx_word' id='word_1_292' title='bbox 1179 3360 1189 3419; x_wconf 87' lang='grc'><strong><em>;</em></strong></span> <span class='ocrx_word' id='word_1_293' title='bbox 1214 3340 1296 3406; x_wconf 78' lang='lat' dir='ltr'><strong>idem</strong></span> <span class='ocrx_word' id='word_1_294' title='bbox 1323 3339 1447 3406; x_wconf 68' lang='lat' dir='ltr'><strong>adem</strong></span> <span class='ocrx_word' id='word_1_295' title='bbox 1475 3340 1579 3407; x_wconf 75' lang='lat' dir='ltr'><strong>Canus</strong></span> 
     </span>
     <span class='ocr_line' id='line_1_30' title="bbox 288 3442 1314 3531; baseline 0.002 -23"><span class='ocrx_word' id='word_1_296' title='bbox 288 3445 387 3525; x_wconf 81' lang='lat' dir='ltr'><strong>(pars</strong></span> <span class='ocrx_word' id='word_1_297' title='bbox 409 3443 568 3508; x_wconf 78' lang='lat' dir='ltr'><strong>codicum:</strong></span> <span class='ocrx_word' id='word_1_298' title='bbox 588 3443 728 3531; x_wconf 88' lang='lat' dir='ltr'><strong>Carpus)</strong></span> <span class='ocrx_word' id='word_1_299' title='bbox 750 3445 885 3510; x_wconf 88' lang='lat' dir='ltr'><strong>maritus</strong></span> <span class='ocrx_word' id='word_1_300' title='bbox 908 3442 1081 3510; x_wconf 84' lang='lat' dir='ltr'><strong>Norbanus</strong></span> <span class='ocrx_word' id='word_1_301' title='bbox 1104 3443 1146 3508; x_wconf 81' lang='lat' dir='ltr'><strong>id.</strong></span> <span class='ocrx_word' id='word_1_302' title='bbox 1167 3448 1196 3521; x_wconf 88' lang='grc'><strong><em>7,</em></strong></span> <span class='ocrx_word' id='word_1_303' title='bbox 1213 3448 1262 3521; x_wconf 88' lang='grc'><strong>74,</strong></span> <span class='ocrx_word' id='word_1_304' title='bbox 1281 3447 1314 3510; x_wconf 76' lang='grc' dir='ltr'><strong><em>7ῖ</em></strong></span> 
     </span>
    </p>

    <p class='ocr_par' dir='ltr' id='par_1_11' title="bbox 225 3561 1577 3750">
     <span class='ocr_line' id='line_1_31' title="bbox 225 3561 1577 3650; baseline 0 -24"><span class='ocrx_word' id='word_1_305' title='bbox 225 3563 288 3628; x_wconf 89' lang='grc'><strong>386</strong></span> <span class='ocrx_word' id='word_1_306' title='bbox 310 3563 425 3646; x_wconf 87' lang='lat' dir='ltr'><strong>Carus,</strong></span> <span class='ocrx_word' id='word_1_307' title='bbox 448 3564 504 3649; x_wconf 91' lang='lat' dir='ltr'><strong>qui</strong></span> <span class='ocrx_word' id='word_1_308' title='bbox 531 3562 621 3630; x_wconf 89' lang='lat' dir='ltr'><strong>febre</strong></span> <span class='ocrx_word' id='word_1_309' title='bbox 643 3565 741 3650; x_wconf 86' lang='lat' dir='ltr'><strong>periit</strong></span> <span class='ocrx_word' id='word_1_310' title='bbox 763 3563 915 3629; x_wconf 85' lang='lat' dir='ltr'><strong>Martial.</strong></span> <span class='ocrx_word' id='word_1_311' title='bbox 939 3568 989 3639; x_wconf 90' lang='lat'><strong>10,</strong></span> <span class='ocrx_word' id='word_1_312' title='bbox 1014 3567 1056 3628; x_wconf 90' lang='grc'><strong>77</strong></span> <span class='ocrx_word' id='word_1_313' title='bbox 1062 3583 1072 3642; x_wconf 89' lang='grc'><em>;</em></span> <span class='ocrx_word' id='word_1_314' title='bbox 1100 3563 1239 3628; x_wconf 66' lang='lat' dir='ltr'><strong>melliaco</strong></span> <span class='ocrx_word' id='word_1_315' title='bbox 1267 3563 1367 3645; x_wconf 64' lang='lat' dir='ltr'><strong>fuscae</strong></span> <span class='ocrx_word' id='word_1_316' title='bbox 1390 3561 1514 3627; x_wconf 65' lang='lat' dir='ltr'><strong>vidam</strong></span> <span class='ocrx_word' id='word_1_317' title='bbox 1536 3561 1577 3644; x_wconf 71' lang='lat' dir='ltr'><strong>cs.</strong></span> 
     </span>
     <span class='ocr_line' id='line_1_32' title="bbox 288 3665 803 3750; baseline 0.004 -19"><span class='ocrx_word' id='word_1_318' title='bbox 288 3687 369 3750; x_wconf 70' lang='lat' dir='ltr'><strong>artae</strong></span> <span class='ocrx_word' id='word_1_319' title='bbox 390 3665 555 3732; x_wconf 75' lang='lat' dir='ltr'><strong>adnotavit</strong></span> <span class='ocrx_word' id='word_1_320' title='bbox 575 3666 803 3733; x_wconf 79' lang='lat' dir='ltr'><strong>Fricdlltnrler.</strong></span> 
     </span>
    </p>

    <p class='ocr_par' dir='ltr' id='par_1_12' title="bbox 234 3767 603 3834">
     <span class='ocr_line' id='line_1_33' title="bbox 234 3767 603 3834; baseline 0.003 -3"><span class='ocrx_word' id='word_1_321' title='bbox 234 3805 276 3814; x_wconf 90' lang='lat'><em>-</em></span> <span class='ocrx_word' id='word_1_322' title='bbox 309 3767 468 3833; x_wconf 84' lang='lat' dir='ltr'><strong>Aemilius</strong></span> <span class='ocrx_word' id='word_1_323' title='bbox 490 3767 603 3834; x_wconf 87' lang='lat' dir='ltr'><strong>Carus.</strong></span> 
     </span>
    </p>

    <p class='ocr_par' dir='ltr' id='par_1_13' title="bbox 235 3879 697 3936">
     <span class='ocr_line' id='line_1_34' title="bbox 235 3879 697 3936; baseline -0.006 1"><span class='ocrx_word' id='word_1_324' title='bbox 235 3907 277 3916; x_wconf 90' lang='grc'>-</span> <span class='ocrx_word' id='word_1_325' title='bbox 307 3881 340 3936; x_wconf 81' lang='lat' dir='ltr'><strong>L.</strong></span> <span class='ocrx_word' id='word_1_326' title='bbox 363 3880 544 3934; x_wconf 81' lang='lat' dir='ltr'><strong>AEMILIVS</strong></span> <span class='ocrx_word' id='word_1_327' title='bbox 567 3879 697 3935; x_wconf 81' lang='lat' dir='ltr'><strong>CARVS.</strong></span> 
     </span>
    </p>

    <p class='ocr_par' dir='ltr' id='par_1_14' title="bbox 236 3981 1083 4041">
     <span class='ocr_line' id='line_1_35' title="bbox 236 3981 1083 4041; baseline -0.002 -3"><span class='ocrx_word' id='word_1_328' title='bbox 236 4009 278 4020; x_wconf 89' lang='grc'><strong>-·-</strong></span> <span class='ocrx_word' id='word_1_329' title='bbox 311 3983 387 4041; x_wconf 87' lang='lat' dir='ltr'><strong>lMP.</strong></span> <span class='ocrx_word' id='word_1_330' title='bbox 412 3981 559 4038; x_wconf 79' lang='lat' dir='ltr'>CAESAR</span> <span class='ocrx_word' id='word_1_331' title='bbox 580 3983 622 4040; x_wconf 88' lang='lat' dir='ltr'><strong>M.</strong></span> <span class='ocrx_word' id='word_1_332' title='bbox 643 3981 832 4038; x_wconf 83' lang='lat' dir='ltr'><strong>AVRELIVS</strong></span> <span class='ocrx_word' id='word_1_333' title='bbox 856 3981 975 4037; x_wconf 80' lang='lat' dir='ltr'><strong>CARVS</strong></span> <span class='ocrx_word' id='word_1_334' title='bbox 998 3981 1083 4036; x_wconf 85' lang='lat' dir='ltr'><strong>AVG.</strong></span> 
     </span>
    </p>

    <p class='ocr_par' dir='ltr' id='par_1_15' title="bbox 236 4077 546 4146">
     <span class='ocr_line' id='line_1_36' title="bbox 236 4077 546 4146; baseline 0.006 -4"><span class='ocrx_word' id='word_1_335' title='bbox 236 4111 277 4122; x_wconf 91' lang='grc'><strong>-</strong></span> <span class='ocrx_word' id='word_1_336' title='bbox 309 4077 411 4142; x_wconf 88' lang='lat' dir='ltr'><strong>Iulius</strong></span> <span class='ocrx_word' id='word_1_337' title='bbox 432 4077 546 4146; x_wconf 84' lang='lat' dir='ltr'><strong>Carus.</strong></span> 
     </span>
    </p>

    <p class='ocr_par' dir='ltr' id='par_1_16' title="bbox 244 4187 645 4246">
     <span class='ocr_line' id='line_1_37' title="bbox 244 4187 645 4246; baseline 0.01 -4"><span class='ocrx_word' id='word_1_338' title='bbox 244 4213 278 4225; x_wconf 92' lang='lat'><em>-</em></span> <span class='ocrx_word' id='word_1_339' title='bbox 310 4187 346 4245; x_wconf 89' lang='lat' dir='ltr'><strong>D.</strong></span> <span class='ocrx_word' id='word_1_340' title='bbox 369 4189 494 4245; x_wconf 85' lang='lat' dir='ltr'><strong>IVNIVS</strong></span> <span class='ocrx_word' id='word_1_341' title='bbox 517 4188 645 4246; x_wconf 85' lang='lat' dir='ltr'><strong>CARVS.</strong></span> 
     </span>
    </p>

    <p class='ocr_par' dir='ltr' id='par_1_17' title="bbox 236 4283 581 4350">
     <span class='ocr_line' id='line_1_38' title="bbox 236 4283 581 4350; baseline 0 -2"><span class='ocrx_word' id='word_1_342' title='bbox 236 4318 277 4328; x_wconf 92' lang='lat'>—</span> <span class='ocrx_word' id='word_1_343' title='bbox 308 4283 443 4349; x_wconf 86' lang='lat' dir='ltr'><strong>Mettius</strong></span> <span class='ocrx_word' id='word_1_344' title='bbox 466 4283 581 4350; x_wconf 86' lang='lat' dir='ltr'><strong>Carus.</strong></span> 
     </span>
    </p>

    <p class='ocr_par' dir='ltr' id='par_1_18' title="bbox 237 4393 807 4451">
     <span class='ocr_line' id='line_1_39' title="bbox 237 4393 807 4451; baseline -0.002 0"><span class='ocrx_word' id='word_1_345' title='bbox 237 4421 276 4432; x_wconf 94' lang='grc'><strong>-</strong></span> <span class='ocrx_word' id='word_1_346' title='bbox 310 4397 342 4451; x_wconf 88' lang='grc'><strong><em>0.</em></strong></span> <span class='ocrx_word' id='word_1_347' title='bbox 364 4394 533 4451; x_wconf 86' lang='lat' dir='ltr'><strong>POPILIVS</strong></span> <span class='ocrx_word' id='word_1_348' title='bbox 556 4393 676 4450; x_wconf 83' lang='lat' dir='ltr'><strong>CARVS</strong></span> <span class='ocrx_word' id='word_1_349' title='bbox 699 4394 807 4450; x_wconf 88' lang='lat' dir='ltr'><strong>PEDO.</strong></span> 
     </span>
    </p>

    <p class='ocr_par' dir='ltr' id='par_1_19' title="bbox 237 4497 620 4554">
     <span class='ocr_line' id='line_1_40' title="bbox 237 4497 620 4554; baseline 0 0"><span class='ocrx_word' id='word_1_350' title='bbox 237 4524 277 4536; x_wconf 81' lang='grc'><strong>-</strong></span> <span class='ocrx_word' id='word_1_351' title='bbox 311 4497 466 4554; x_wconf 85' lang='lat' dir='ltr'><strong>SALVIVS</strong></span> <span class='ocrx_word' id='word_1_352' title='bbox 490 4497 620 4554; x_wconf 86' lang='lat' dir='ltr'><strong>CARVS.</strong></span> 
     </span>
    </p>

    <p class='ocr_par' dir='ltr' id='par_1_20' title="bbox 237 4599 676 4658">
     <span class='ocr_line' id='line_1_41' title="bbox 237 4599 676 4658; baseline 0 -2"><span class='ocrx_word' id='word_1_353' title='bbox 237 4627 278 4638; x_wconf 86' lang='lat'><em>-</em></span> <span class='ocrx_word' id='word_1_354' title='bbox 309 4601 343 4658; x_wconf 88' lang='lat' dir='ltr'><strong>L.</strong></span> <span class='ocrx_word' id='word_1_355' title='bbox 367 4599 676 4657; x_wconf 80' lang='lat' dir='ltr'><strong>SALVIVS&#39;CARVS.</strong></span> 
     </span>
    </p>

    <p class='ocr_par' dir='ltr' id='par_1_21' title="bbox 237 4703 570 4762">
     <span class='ocr_line' id='line_1_42' title="bbox 237 4703 570 4762; baseline 0.006 -2"><span class='ocrx_word' id='word_1_356' title='bbox 237 4727 280 4742; x_wconf 59' lang='grc'><strong>-’</strong></span> <span class='ocrx_word' id='word_1_357' title='bbox 311 4703 417 4760; x_wconf 83' lang='lat' dir='ltr'><strong>SEIVS</strong></span> <span class='ocrx_word' id='word_1_358' title='bbox 441 4703 570 4762; x_wconf 90' lang='lat' dir='ltr'><strong>CARVS.</strong></span> 
     </span>
    </p>

    <p class='ocr_par' dir='ltr' id='par_1_22' title="bbox 227 4791 1580 4878">
     <span class='ocr_line' id='line_1_43' title="bbox 227 4791 1580 4878; baseline -0.001 -20"><span class='ocrx_word' id='word_1_359' title='bbox 227 4796 287 4865; x_wconf 84' lang='grc'><strong>387</strong></span> <span class='ocrx_word' id='word_1_360' title='bbox 311 4805 549 4864; x_wconf 67' lang='lat' dir='ltr'><strong>clausumve.</strong></span> <span class='ocrx_word' id='word_1_361' title='bbox 597 4795 723 4862; x_wconf 77' lang='lat' dir='ltr'><strong>Titulus</strong></span> <span class='ocrx_word' id='word_1_362' title='bbox 751 4797 781 4860; x_wconf 84' lang='lat' dir='ltr'><strong>ai</strong></span> <span class='ocrx_word' id='word_1_363' title='bbox 801 4796 927 4878; x_wconf 76' lang='lat' dir='ltr'><strong>positus</strong></span> <span class='ocrx_word' id='word_1_364' title='bbox 957 4798 1003 4859; x_wconf 85' lang='lat' dir='ltr'><strong>est</strong></span> <span class='ocrx_word' id='word_1_365' title='bbox 1024 4793 1234 4858; x_wconf 81' lang='lat' dir='ltr'><strong>Marruviuuc</strong></span> <span class='ocrx_word' id='word_1_366' title='bbox 1256 4791 1316 4856; x_wconf 88' lang='lat' dir='ltr'><strong>IX</strong></span> <span class='ocrx_word' id='word_1_367' title='bbox 1334 4795 1415 4856; x_wconf 87' lang='grc'><strong><em>3066</em></strong></span> <span class='ocrx_word' id='word_1_368' title='bbox 1443 4793 1484 4856; x_wconf 85' lang='lat' dir='ltr'><strong>ab</strong></span> <span class='ocrx_word' id='word_1_369' title='bbox 1512 4811 1580 4856; x_wconf 87' lang='lat' dir='ltr'><strong>uua</strong></span> 
     </span>
    </p>
   </div>
   <div class='ocr_carea' id='block_1_10' title="bbox 199 4900 1374 5050">
    <p class='ocr_par' dir='ltr' id='par_1_23' title="bbox 199 4900 1374 5050">
     <span class='ocr_line' id='line_1_44' title="bbox 199 4900 1374 5050; baseline -0.009 -81"><span class='ocrx_word' id='word_1_370' title='bbox 199 4971 203 4978; x_wconf 77' lang='grc'><strong><em>,</em></strong></span> <span class='ocrx_word' id='word_1_371' title='bbox 288 4905 384 4984; x_wconf 79' lang='lat' dir='ltr'><strong>parta</strong></span> <span class='ocrx_word' id='word_1_372' title='bbox 405 4900 496 4968; x_wconf 79' lang='lat' dir='ltr'><strong>lodie</strong></span> <span class='ocrx_word' id='word_1_373' title='bbox 517 4900 657 4967; x_wconf 68' lang='lat' dir='ltr'><strong>mutius.</strong></span> <span class='ocrx_word' id='word_1_374' title='bbox 1318 4995 1374 5050; x_wconf 49' lang='lat' dir='ltr'><strong>m.</strong></span> 
     </span>
    </p>
   </div>
   <div class='ocr_carea' id='block_1_11' title="bbox 0 0 1890 5628">
    <p class='ocr_par' dir='ltr' id='par_1_24' title="bbox 0 0 1890 5628">
     <span class='ocr_line' id='line_1_45' title="bbox 0 0 1890 5628; baseline 0 0"><span class='ocrx_word' id='word_1_375' title='bbox 0 0 1890 5628; x_wconf 95' lang='lat' dir='ltr'><strong> </strong></span> 
     </span>
    </p>
   </div>
  </div>
 </body>
</html>
