3826 5610
327 326 467 384 ANNIVS
985 323 1027 391 72
1538 333 1683 390 Anulus

389 526 497 604 1‚13),
528 523 700 593 Claudium
729 528 886 595 Severum
914 531 982 595 vita
1003 536 1036 608 2,
1060 535 1165 609 7-3,
1187 535 1208 596 3
1230 531 1271 614 cs.
1293 527 1361 597 Dio
1382 535 1434 610 72,
1455 534 1505 598 35.
1548 530 1683 598 studuit

391 637 424 694 et
453 630 523 694 iuri
560 629 696 696 audiens
730 630 769 698 L.
797 630 969 698 Volusium
1001 632 1206 699 Maecianum
1237 635 1305 699 vitu
1332 639 1369 712 3,
1399 640 1419 699 6
1452 644 1485 700 et
1516 635 1680 721 pingendo

324 749 327 756 ’
389 731 552 816 Diogneto
577 735 732 818 magistro
756 757 888 821 operam
908 735 998 802 dedit
1019 737 1086 801 cito
1107 742 1136 814 4,
1159 742 1179 803 9
1202 737 1352 821 (Morcus
1371 742 1401 815 1,
1420 736 1462 822 6).

454 833 576 916 Quinto
599 835 723 902 decimo
753 839 868 906 aetatis
897 853 982 904 anno
1011 839 1053 922 (a.
1078 839 1229 923 laeuas)
1259 839 1386 905 virilem
1413 850 1522 924 togam
1544 843 1682 929 sumpsit

388 938 563 1024 statimque
586 941 614 1004 ei
637 938 675 1006 L.
692 939 818 1007 Ceionii
840 939 1009 1007 Commodi
1032 941 1100 1026 (qui
1120 964 1151 1007 a.
1169 945 1230 1007 136
1252 943 1292 1008 ab
1315 942 1486 1008 Hadriano
1509 943 1680 1028 adeptum

326 1113 347 1120 ,,
371 1039 426 1119 ‚L
447 1040 563 1108 Aelius
583 1041 705 1109 Cacsar
728 1043 830 1110 dicitis
852 1044 909 1128 est)
939 1043 1006 1110 filia
1028 1045 1222 1132 desponsata
1248 1054 1298 1110 est
1324 1067 1366 1109 ex
1386 1045 1546 1111 Hadriani
1567 1045 1679 1112 volun-

386 1152 470 1226 tate3
487 1166 560 1222 ,nec
583 1144 685 1212 multo
709 1156 782 1233 post
802 1147 900 1230 (armo
921 1149 988 1230 fere
1009 1152 1082 1234 137)
1105 1148 1288 1234 praefectus
1309 1149 1464 1214 feriarum
1486 1150 1679 1215 Latinarum

387 1245 457 1320 fuit,
473 1248 541 1313 uita
561 1254 597 1327 4,
620 1253 696 1314 5-6.
746 1249 825 1318 Post
853 1248 979 1319 obitum
1006 1251 1046 1316 L.
1078 1249 1226 1316 Caesaris
1256 1249 1341 1334 (lsai.
1363 1251 1531 1317 Ianuariis
1553 1275 1583 1318 a.
1605 1254 1679 1335 136)

322 1375 331 1418 ·,
386 1348 583 1436 Hadrianus,
607 1375 682 1417 cum
704 1373 923 1418 successorem
945 1355 1071 1440 imperii
1089 1362 1260 1438 quaereret
1274 1375 1380 1439 neque
1399 1353 1543 1440 idoneus,
1568 1363 1679 1441 utpote

386 1451 498 1518 decem
521 1464 553 1518 et
574 1463 646 1520 octo
669 1475 772 1522 annos
799 1475 915 1540 agens,
940 1455 1069 1522 Marcus
1092 1455 1285 1537 haberetur,
1316 1457 1434 1522 amitae
1455 1457 1510 1542 (cs.
1534 1458 1679 1540 mmmm)

385 1555 488 1621 Marci
521 1559 626 1622 virum
649 1557 687 1624 Τ.
710 1556 880 1624 Aurelium
900 1557 1041 1627 Fulvum
1063 1559 1235 1626 Boionium
1256 1558 1391 1623 Arrium
1412 1559 1616 1624 Antoninum
1639 1581 1678 1624 ea

384 1656 465 1742 lege¹
486 1660 520 1724 in
552 1660 758 1747 adoptionem
788 1659 885 1746 elegit
914 1660 959 1742 (d.
982 1663 1023 1726 25
1045 1683 1146 1730 mens.
1169 1661 1266 1727 Febr.
1290 1683 1319 1728 a.
1345 1662 1406 1726 138
1427 1662 1482 1727 uit.
1504 1661 1565 1726 Pii
1580 1668 1610 1740 4,
1633 1665 1675 1745 6),

384 1771 421 1827 ut
441 1759 496 1826 ille
516 1761 561 1827 M.
584 1762 729 1828 Annium
752 1762 873 1828 Verum
897 1773 930 1827 et
951 1762 989 1829 L.
1005 1762 1227 1846 Commodum,
1251 1763 1353 1830 filium
1372 1763 1410 1831 L.
1426 1761 1512 1828 Aelii
1529 1763 1678 1830 Caesaris

325 1937 327 1940 ¹
384 1863 445 1930 sibi
461 1864 632 1950 adoptaret
645 1866 712 1930 unta
725 1869 755 1942 5,
770 1872 799 1943 1,
816 1864 882 1930 Dio
897 1871 947 1943 69,
962 1869 1015 1943 21,
1030 1867 1084 1930 uit.
1102 1864 1158 1930 Pii
1170 1871 1200 1944 4,
1211 1871 1241 1944 5,
1262 1865 1337 1932 Veri
1348 1870 1383 1944 2,
1399 1872 1432 1945 2,
1449 1866 1561 1932 Sesea·
1572 1871 1678 1945 26,1;

381 1967 563 2032 omninibus
584 1966 632 2032 ccl
654 1967 877 2050 adoptionibus
899 1969 1038 2050 confusis
1059 1970 1112 2032 vit.
1136 1968 1304 2033 Hadriani
1324 1973 1377 2046 24,
1401 1973 1431 2046 1,
1453 1969 1593 2048 Aeliis,
1616 1974 1678 2046 12;

383 2074 411 2147 6,
435 2075 473 2149 9;
495 2075 523 2149 7,
546 2075 580 2137 2.
623 2069 792 2135 Hadriano
822 2071 946 2135 ferente
974 2072 1082 2154 gratia
1111 2071 1225 2136 aetatis
1256 2070 1342 2136 faeta
1364 2080 1517 2158 quaestor
1548 2081 1597 2137 est
1622 2070 1676 2136 dc

382 2173 528 2256 algnatus
549 2173 617 2239 vita
637 2177 667 2250 5,
688 2177 725 2251 6,
751 2173 804 2237 uit.
829 2171 886 2236 Pii
907 2177 935 2251 6,
959 2179 1009 2238 10.
1062 2175 1141 2239 Post
1171 2195 1340 2238 excessum
1369 2173 1531 2239 Hadriani
1562 2173 1605 2259 (d.
1635 2180 1676 2239 10

372 2289 476 2341 'metm
497 2275 581 2341 Iulii
601 2297 632 2343 a.
655 2278 728 2362 138)
750 2275 935 2340 Antoninus
959 2297 1018 2362 per
1040 2296 1174 2341 uxorem
1197 2275 1345 2341 Marcum
1367 2277 1552 2344 sciscitatus
1576 2287 1624 2341 est
1645 2287 1678 2341 et

382 2379 412 2441 ei
433 2377 599 2443 dissolutis
618 2375 836 2464 sponsalibus,
869 2399 953 2464 quae
983 2388 1078 2443 antea
1100 2400 1174 2446 cum
1196 2377 1263 2443 filia
1285 2378 1323 2446 L.
1346 2376 1432 2445 Aelii
1455 2377 1605 2444 Caesaris
1627 2380 1673 2444 in-

378 2481 475 2564 ierat,
501 2481 701 2552 ¹Faustinam
734 2479 834 2544 filiam
864 2479 1038 2566 despondit
1066 2482 1133 2548 uita
1155 2485 1184 2558 6,
1206 2486 1239 2558 2,
1262 2481 1367 2546 minus
1387 2486 1471 2546 recte
1497 2486 1527 2546 ct
1548 2481 1677 2564 confuse

322 2595 333 2638 .·
379 2584 434 2648 uit.
457 2581 546 2650 Aelii
567 2586 596 2660 6,
619 2588 650 2660 9,
675 2580 751 2648 Veri
764 2587 797 2659 2,
819 2587 850 2646 3.
888 2582 1050 2664 Quaestor
1070 2581 1111 2667 (d.
1134 2587 1155 2649 5
1176 2599 1271 2651 mess.
1290 2581 1476 2650 Decernbm's
1497 2587 1560 2649 138
1579 2605 1677 2668 usquc

379 2684 423 2749 ad
444 2684 473 2751 d.
495 2691 518 2752 4
544 2705 585 2751 m.
615 2684 660 2750 D.
682 2687 754 2767 139)
783 2683 896 2750 ludum
925 2683 1155 2770 gladiatorium
1183 2687 1217 2750 in
1248 2685 1401 2750 honorem
1430 2685 1591 2752 Hadriani
1621 2688 1675 2751 avi

380 2785 482 2852 edidit
502 2789 571 2852 otta
592 2791 621 2866 6,
644 2792 673 2851 1.
719 2786 905 2853 Antoninus
928 2809 1002 2852 eum
1024 2787 1131 2852 adhue
1153 2797 1357 2874 quaestorem
1380 2789 1422 2872 (a.
1446 2787 1523 2871 139)
1545 2798 1676 2875 petente

381 2898 496 2956 senatu
518 2887 682 2954 consulem
705 2889 891 2973 designavit
912 2890 979 2954 uita
1000 2895 1028 2968 6,
1052 2896 1080 2968 1,
1103 2891 1157 2958 uit.
1174 2889 1231 2955 Pii
1251 2895 1279 2968 6,
1302 2894 1322 2955 9
1345 2899 1378 2954 et
1392 2889 1544 2957 Caesaris
1566 2890 1675 2978 appel-

380 2992 501 3058 latione
516 2991 651 3058 donarit
668 3002 700 3057 et
721 2995 865 3059 sevirum
884 2994 998 3056 turmis
1018 2993 1165 3077 equitum
1180 2993 1398 3057 Romanorum
1423 2995 1487 3057 iam
1508 2992 1675 3059 consulem

377 3094 581 3178 designatum
605 3095 728 3160 creavit
755 3103 789 3166 ct
820 3093 927 3159 edenti
950 3115 1024 3158 cum
1046 3092 1178 3176 collegis
1199 3092 1292 3158 ludos
1316 3093 1473 3158 sevirales
1495 3094 1621 3160 adsedit
1643 3104 1677 3160 et

381 3200 415 3262 in
437 3195 574 3280 collegia
588 3195 792 3261 sacerdotum
811 3195 943 3260 iubente
961 3205 1074 3262 senatu
1090 3197 1214 3281 recepit
1228 3196 1296 3260 uita
1310 3201 1339 3273 6,
1355 3201 1394 3273 3,·
1415 3195 1517 3262 frater
1532 3195 1675 3279 Arvalis,

379 3301 535 3382 magister
557 3296 683 3380 collegii
707 3320 735 3362 a.
760 3299 821 3363 145
845 3297 897 3363 VI
916 3297 1162 3382 2685111616.
1188 3320 1234 3381 cp.
1249 3301 1271 3362 8
1284 3319 1322 3381 p.
1337 3302 1412 3364 332.

443 3401 496 3466 Ab
526 3400 695 3466 Antonino,
721 3399 891 3482 adoptatus
919 3405 949 3464 ct
977 3398 1098 3466 Cacsar
1125 3405 1325 3483 ornaments
1354 3401 1475 3466 dicitur
1501 3401 1537 3466 in
1565 3421 1676 3466 oronu»

378 3503 492 3569 masts's
513 3501 633 3567 Italiac
647 3500 833 3584 plenumque
854 3500 899 3567 M.
922 3500 1036 3567 Aelius
1056 3502 1211 3568 Aurelius
1233 3501 1355 3568 Caesar
1379 3499 1432 3587 (es.
1456 3508 1531 3568 acto
1545 3502 1675 3586 Asuui.)

378 3607 444 3672 sive
464 3605 510 3670 M.
528 3602 681 3669 Aurelius
697 3601 819 3668 Caesar
841 3602 899 3686 (sic
920 3603 955 3667 in
975 3605 1111 3670 mutosis
1133 3604 1295 3669 commatis
1309 3603 1481 3687 Romant);
1500 3605 1545 3669 M.
1562 3604 1677 3670 Aelius

379 3711 457 3793 imp.
480 3707 546 3772 Titi
570 3703 656 3771 Aelii
678 3704 851 3788 [Hadriani
872 3703 1041 3787 An]tonini
1063 3705 1085 3770 f.
1109 3707 1189 3792 Pap.
1204 3704 1358 3770 Aurelius
1375 3706 1506 3790 Velrus]
1529 3707 1566 3771 in
1584 3727 1677 3772 senc»

379 3815 430 3878 os
457 3808 598 3876 casata
628 3807 665 3872 dc
692 3806 854 3891 Cyzicenis
878 3807 945 3871 ΙΙΙ
968 3807 1003 3873 S.
1029 3812 1119 3875 7666.
1170 3808 1215 3876 M.
1245 3807 1360 3873 Aelius
1390 3807 1545 3873 Aurelius
1569 3809 1677 3874 Verus

378 3913 502 3980 Caesar
516 3913 551 3978 iu
566 3909 668 3975 titulis
680 3909 919 3992 monadorum
932 3908 1031 3973 veluti
1043 3909 1090 3974 ΙΙ
1099 3914 1190 3986 1169,
1212 3910 1279 3974 ΙΙΙ
1287 3910 1381 3987 3607,
1402 3909 1496 3976 VIII
1504 3915 1582 3979 228.
1598 3915 1677 3978 229.

379 4019 486 4087 16592
506 4015 570 4078 nuc
593 4013 637 4078 M.
660 4011 815 4077 Aurelius
838 4011 944 4076 Verus
967 4009 1087 4075 Caesar
1106 4011 1203 4076 velidi
1220 4010 1288 4075 ΙΙΙ
1304 4016 1397 4088 6162,
1427 4011 1465 4077 Χ
1482 4016 1579 4092 7473,
1601 4013 1678 4078 iicon

379 4119 511 4186 additur
533 4116 641 4181 Verus
663 4115 699 4179 in
718 4114 855 4179 numme
867 4113 992 4196 praecis
1013 4113 1054 4195 cf.
1074 4112 1196 4178 Ecltltel
1217 4112 1289 4178 VII
1296 4135 1333 4196 p.
1349 4118 1399 4179 69.

444 4218 566 4288 Consul
595 4218 613 4282 I
642 4239 715 4282 cum
741 4217 907 4282 Antonino
934 4215 986 4278 III
1015 4236 1043 4282 a.
1068 4216 1129 4279 140
1151 4215 1246 4296 fasti,
1277 4215 1465 4281 Antoninus
1495 4215 1678 4282 secundum

380 4327 477 4390 etiam
500 4344 575 4388 eum
597 4319 762 4385 consulem
786 4317 980 4400 designavit,
1003 4317 1168 4401 cumipse
1190 4327 1342 4401 quartum
1366 4319 1477 4383 inierit
1497 4319 1566 4384 uita
1586 4323 1616 4396 6,
1639 4324 1678 4398 4,·

379 4425 492 4492 consul
508 4425 542 4490 Π
564 4445 639 4488 cum
653 4421 819 4486 Antonino
838 4420 907 4485 ΠΗ
922 4442 951 4482 a.
969 4419 1029 4484 145
1045 4419 1134 4501 fusti.
1161 4418 1240 4483 Post
1254 4418 1334 4484 lrsec
1349 4419 1492 4485 Anniam
1509 4420 1679 4488 Galeriam

380 4529 568 4596 Faustinam
591 4524 687 4589 duxit
709 4545 845 4588 uxorem
863 4523 932 4585 uita
953 4525 982 4597 6,
1005 4525 1025 4584 6
1032 4540 1042 4599 ‚·
1064 4525 1112 4598 16,
1137 4525 1158 4583 7
1178 4541 1208 4584 a.
1231 4525 1307 4598 145,
1330 4526 1366 4586 ut
1387 4543 1425 4585 esc
1448 4523 1507 4601 iis,
1530 4544 1612 4606 quoe
1640 4523 1679 4588 dc

376 4631 548 4697 tribunicio
564 4631 722 4711 potestate
737 4629 890 4702 constant,
913 4621 1089 4705 collipitur,·
1110 4643 1189 4708 quas
1205 4623 1336 4706 nuptias
1352 4623 1432 4687 Pius
1448 4623 1679 4690 celeberrimas

379 4733 457 4798 iecit
483 4733 538 4796 cit.
568 4729 627 4794 Pii
649 4735 699 4806 10,
722 4733 756 4794 2.
809 4728 968 4810 Suscepto
988 4723 1055 4787 iilia
1084 4724 1127 4805 (α.
1150 4728 1210 4788 146
1232 4723 1344 4789 Annia
1371 4722 1509 4791 Galeria
1537 4727 1680 4792 Aurelia

379 4833 553 4917 Facetias)
573 4831 750 4897 tribunicia
766 4839 925 4917 potestate
940 4826 1077 4891 donatus
1093 4833 1141 4887 est
1162 4835 1259 4910 atque
1282 4826 1418 4912 imperio
1443 4838 1538 4894 extra
1560 4827 1678 4895 urbem

324 4989 326 4993 .
380 4936 617 5024 proconsulari,
649 4935 759 5000 addito
785 4935 855 4996 iure
878 4928 1009 5015 quintae
1033 4925 1196 4992 relationis
1217 4928 1285 4990 rita
1306 4932 1335 5005 6,
1358 4932 1395 5005 6;
1426 4929 1478 4996 dic
1499 4934 1540 4996 16
1559 4933 1680 4997 metuis
