3732 5622
152 345 382 402 CLEODEMVS
799 337 863 404 413
1286 346 1509 406 CLEOPATRA

151 544 215 609 893
238 541 441 624 Cleodamus,
471 541 681 608 Atheniensis
707 543 843 610 Claudio
874 543 1040 628 (Gothico)
1071 554 1227 628 regnante
1255 543 1422 628 barbaros,
1453 547 1509 632 qui

217 647 390 714 Graeciam
412 647 608 729 invaserant,
632 647 712 712 vicit
733 647 883 712 Zonaras
903 652 955 724 12,
978 651 1022 714 26
1037 668 1073 730 p.
1089 651 1147 712 151
1168 646 1215 712 66.
1238 645 1392 730 Dindorf.

150 749 215 814 894
238 747 438 832 Cleomenes,
462 750 646 828 statuarius,
665 751 757 814 cuins
772 749 973 836 Thespiades
989 751 1022 814 in
1037 751 1255 814 monumentis
1269 749 1375 816 Asinii
1392 749 1510 816 Pollio-

217 854 267 916 nis
289 863 383 917 arant
400 851 489 916 Plin.
505 871 537 917 n.
556 851 587 916 λ.
607 855 657 924 36,
679 856 738 930 33;
758 854 794 916 in
815 853 1020 936 insumptione
1040 857 1165 918 661666
1185 853 1250 916 oiri
1269 853 1411 918 Ranani
1429 851 1510 919 CIC

216 959 298 1020 6158
319 984 361 1008 =
382 953 568 1020 [611247
588 951 764 1042 Κλεομένης
787 953 977 1042 Κλεομένους
998 953 1152 1043 Ἀθηναῖος
1180 957 1330 1042 ἐποίησεν,
1360 977 1440 1038 quae
1468 956 1512 1020 66

217 1059 345 1122 initiam
359 1057 475 1122 aetatis
488 1057 715 1140 imperatoriae
729 1063 872 1141 spectare
886 1058 1018 1136 videtur,
1035 1058 1169 1123 alteram
1189 1063 1297 1123 atram
1315 1057 1511 1124 Cleomenem

216 1160 347 1226 eandem
368 1180 433 1226 esse
455 1165 579 1242 atquem
601 1161 757 1244 artificem
776 1183 798 1226 a
811 1161 924 1226 Plinio
945 1166 1152 1227 memoratam
1172 1161 1303 1227 coniecit
1325 1161 1431 1245 Ldroy,
1455 1160 1510 1224 In-

215 1263 371 1345 selrristen
389 1261 600 1348 9666666666
621 1263 802 1329 Β666666
817 1286 853 1348 p.
865 1269 939 1330 244.
1208 1327 1211 1332 .

149 1369 215 1434 895
237 1366 350 1444 Cleon,
379 1365 506 1450 Mysius
528 1364 598 1430 dux
619 1365 784 1452 quondam
812 1365 985 1450 latronum,
1018 1388 1091 1430 eum
1115 1364 1199 1431 bollo
1221 1365 1356 1432 Actiaco
1378 1365 1420 1430 ab
1444 1363 1509 1429 An-

217 1471 305 1536 tonio
321 1467 362 1532 ad
378 1467 550 1534 Caesarem
566 1467 745 1552 defecisset,
762 1468 804 1532 ab
820 1491 857 1534 eo
874 1469 1047 1535 honoratus
1064 1479 1188 1554 partem
1203 1469 1346 1554 regionis
1361 1468 1510 1532 Morenes

216 1574 309 1658 quasi
330 1573 480 1657 princeps
503 1573 589 1636 rexit
611 1571 732 1637 Strabo
753 1576 806 1650 12,
822 1575 853 1650 8,
868 1577 899 1641 8.
915 1577 935 1638 9
950 1595 986 1656 p.
1001 1577 1063 1637 574
1080 1593 1124 1656 sq.

151 1675 217 1741 896
239 1673 421 1756 Cleonicus,
445 1671 581 1738 libertus
604 1674 731 1740 Annaei
754 1675 898 1741 Senecae
920 1675 1130 1762 (philosophi)
1150 1675 1223 1740 Tae.
1241 1695 1270 1740 a.
1285 1678 1335 1750 15,
1351 1677 1399 1738 45.

150 1778 215 1843 897
240 1785 463 1841 CLEOPATRA
487 1785 647 1842 SELENE.
693 1777 828 1843 Nummi
856 1779 999 1862 arpastei
1026 1783 1056 1843 et
1084 1779 1171 1844 aerei
1193 1777 1382 1842 Mare-rotoni
1404 1780 1512 1841 emant

217 1880 278 1944 olii
299 1877 490 1963 Cleopatrae
517 1880 614 1944 anina
641 1882 766 1946 nomino
794 1882 945 1964 inseripti
972 1881 1151 1968 Κλεοπάτρα
1182 1883 1336 1970 βασιλισσα
1365 1884 1395 1944 et
1416 1883 1512 1961 capnt

219 1981 433 2048 diadematum
460 1981 655 2067 exhibentes,
678 1983 825 2067 plerique
846 1985 1049 2068 inscription
1071 1984 1204 2050 adversa
1227 1983 1298 2048 Rex
1320 1982 1404 2047 Iuba
1425 1981 1511 2064 regis

217 2083 311 2150 Iubai
334 2084 356 2149 f.
378 2083 427 2150 vel
448 2085 520 2150 Rex
542 2085 634 2169 lube,
656 2086 693 2152 in
715 2107 828 2152 avesa
850 2085 1030 2174 Κλεοπάτρα
1053 2090 1208 2178 βασιλισσα
1226 2085 1357 2161 Miller,
1381 2083 1511 2148 Numis-

216 2189 355 2269 matiqne
371 2187 408 2252 66
425 2186 598 2254 l'aneienne
612 2188 751 2272 Afrique
766 2189 832 2254 ΙΙΙ
842 2211 879 2272 p.
894 2194 958 2255 168
971 2209 1036 2272 sqq.
1058 2191 1100 2272 of.
1117 2189 1229 2272 Suppl.
1246 2211 1283 2272 p.
1300 2192 1357 2265 74;
1378 2185 1512 2269 insipnis

215 2295 261 2356 est
280 2309 427 2356 nmnmrar
448 2311 480 2354 n.
497 2294 590 2356 1626
607 2313 642 2374 p.
660 2296 699 2356 74
721 2293 892 2374 imorrptns
915 2291 993 2380 Ἰόβα
1017 2292 1148 2383 βασιλέα
1171 2290 1241 2376 (sie)
1267 2292 1296 2354 ll·
1318 2289 1472 2376 Σελένββ.

282 2393 335 2458 Ex
358 2392 531 2478 Cleopatra
553 2393 597 2460 M.
622 2394 783 2459 Antonius
812 2394 931 2460 liberos
961 2394 1115 2480 gemellos
1139 2393 1212 2460 tulit
1233 2390 1458 2459 Alexandrum
1482 2401 1514 2456 et

216 2495 442 2582 Cleopatram,
474 2505 645 2582 postquam
667 2521 696 2562 6.
720 2497 817 2563 37136
841 2498 988 2583 reginam
1016 2500 1050 2562 iu
1074 2497 1202 2582 Syriam
1225 2495 1416 2561 advocatam
1441 2493 1512 2557 loco

216 2602 322 2664 iustae
343 2599 454 2662 uxoris
475 2597 595 2664 habere
610 2601 715 2687 coepit
729 2599 898 2668 Plotarals.
914 2601 1032 2666 Anton.
1048 2605 1090 2665 36
1096 2620 1107 2679 ,·
1128 2599 1194 2666 Dio
1208 2604 1258 2676 49,
1272 2603 1317 2664 32
1330 2600 1388 2664 snb
1404 2621 1436 2664 a.
1452 2603 1513 2664 718

215 2731 259 2756 =
272 2705 314 2766 36
335 2706 543 2788 προληπτικῶς
562 2702 596 2766 in
618 2703 798 2768 nniversam
819 2702 857 2768 de
880 2703 988 2769 liberas
1002 2703 1140 2768 Antonii
1162 2707 1191 2768 et
1213 2700 1402 2784 Cleopatrae
1423 2706 1453 2766 et
1475 2700 1512 2765 de

215 2805 324 2889 repnis
352 2805 395 2869 iis
423 2804 588 2870 attributis
617 2805 694 2888 opit.
738 2805 785 2870 Vt
804 2804 969 2871 Antonius
991 2803 1179 2870 Alexandro
1202 2827 1319 2869 nomen
1343 2803 1442 2886 Solis,
1467 2804 1512 2866 ita

216 2907 411 2992 Cleopatrae
433 2905 566 2972 Selenes
588 2906 705 2973 indidit
722 2907 891 2976 Platorelt.
915 2909 935 2974 l.
959 2908 990 2986 l„
1013 2907 1080 2974 Dio
1100 2911 1150 2988 51,
1173 2911 1217 2974 21
1224 2929 1235 2986 ,·
1258 2907 1373 2973 Selene
1396 2906 1513 2970 dicitnr

215 3011 250 3075 in
278 3031 405 3074 nmnmo
431 3014 522 3076 1626
551 3009 591 3093 (6.
614 3008 735 3092 snpra),
764 3009 892 3076 Seston.
915 3010 1017 3095 Calip.
1039 3017 1092 3088 26,
1123 3009 1240 3076 116665.
1265 3031 1382 3074 mmm.
1410 3007 1454 3074 66
1481 3029 1511 3072 6.

215 3113 299 3180 Aer.
324 3115 404 3178 1990
423 3113 471 3194 ef.
493 3111 627 3196 Spneell.
652 3135 687 3195 p.
707 3116 779 3190 588,
810 3113 994 3197 meroem.
1017 3117 1100 3179 1988
1122 3113 1255 3196 (Luna),
1285 3110 1405 3178 minas
1434 3128 1460 3175 a.
1482 3131 1511 3174 6.

216 3215 313 3302 Ἰόβας
331 3214 357 3279 Ι
374 3219 398 3280 2
413 3236 449 3298 p.
464 3219 524 3280 999
546 3215 594 3280 ed.
616 3214 819 3299 Bernhardy.

281 3317 368 3382 Nate
391 3326 441 3381 est
461 3317 561 3400 igitur
580 3341 609 3386 a.
632 3319 739 3383 36135.
782 3317 878 3383 Α666
901 3319 945 3383 34
966 3327 1058 3404 pater
1080 3319 1109 3382 ei
1137 3339 1274 3402 regnum
1296 3315 1512 3402 Cyrenaicum

216 3420 396 3487 destinavit
408 3418 475 3484 Dio
490 3425 541 3497 49,
556 3425 605 3486 41.
649 3420 703 3486 Ab
725 3421 874 3504 Augusto
898 3444 927 3486 a.
949 3422 991 3486 29
1013 3422 1045 3485 in
1069 3419 1233 3506 triumpho
1256 3419 1354 3486 ducta
1376 3429 1425 3484 est
1446 3417 1513 3482 Dio

215 3530 267 3602 51,
290 3528 351 3600 21,
375 3522 760 3607 Eusebius-Hieremiam
783 3524 802 3589 l.
827 3524 847 3589 l.
891 3523 1059 3607 Augustus
1090 3545 1159 3588 eam
1182 3523 1283 3588 Iubae
1305 3524 1390 3606 regi,
1416 3543 1512 3608 quem

217 3649 320 3711 regno
333 3624 454 3691 Bocchi
466 3624 654 3710 donaverat,
667 3627 702 3690 in
717 3627 958 3691 matrimonium
970 3625 1142 3691 collocavit
1152 3625 1319 3693 Platona.
1328 3625 1446 3690 Anton.
1461 3627 1512 3700 87,

216 3731 287 3798 Dio
306 3732 365 3805 51,
388 3731 429 3793 15
452 3726 494 3808 ef.
517 3727 646 3794 Sneton
668 3726 737 3793 Cal.
762 3733 815 3806 26,
840 3728 960 3794 Strabo
984 3732 1033 3805 17,
1055 3733 1084 3805 3,
1109 3733 1131 3793 7
1144 3751 1180 3812 p.
1200 3731 1280 3806 828,
1310 3726 1468 3794 8666661.
1492 3726 1512 3791 l.

218 3833 291 3916 (not
304 3850 478 3913 perperam
499 3828 616 3894 dicitnr
638 3828 830 3916 Cleopatrae
853 3840 886 3895 et
907 3830 944 3897 C.
968 3829 1118 3896 Caesaris
1139 3829 1238 3914 filia),
1264 3832 1298 3894 in
1327 3828 1514 3912 coniugium

218 3935 349 4020 scripsit
365 3931 561 4015 Crine-goras
575 3932 674 4016 epipr.
685 3932 784 3999 Antia.
795 3953 900 4016 praee.
914 3937 942 4010 9,
955 3936 1027 3999 235.
1051 3933 1200 4016 Regnum
1212 3931 1333 3998 Bocchi
1346 3931 1514 4015 Augustus

217 4038 321 4103 Iubae
343 4059 372 4102 6.
396 4035 458 4102 729
481 4065 521 4088 =
542 4036 583 4099 25
604 4033 694 4100 dedit
714 4035 782 4099 Dio
803 4039 853 4112 53,
875 4040 928 4119 26,
961 4034 1037 4100 inde
1058 4057 1079 4100 a
1101 4057 1165 4122 quo
1193 4057 1278 4100 anno
1307 4035 1391 4100 Iuba
1412 4054 1513 4099 annos

218 4139 311 4224 regni
345 4139 544 4221 numeravit,
575 4141 611 4202 nt
640 4137 750 4202 docent
777 4139 899 4202 nummi
927 4139 968 4220 ef.
993 4137 1115 4202 Mrtller
1136 4138 1183 4203 II
1198 4161 1236 4222 p.
1259 4141 1320 4204 115
1326 4157 1337 4216 ;
1369 4155 1515 4202 nummus

218 4242 322 4309 16566
345 4245 375 4305 et
397 4239 588 4323 Cleopatrae
605 4260 637 4304 n.
653 4243 697 4304 87
716 4241 752 4304 in
767 4261 880 4305 666666
902 4245 998 4324 eaput
1013 4239 1206 4324 Cleopatrae
1228 4245 1258 4305 et
1277 4240 1515 4322 imomptionem

217 4343 357 4411 nmninis
385 4342 517 4419 enlibet,
547 4343 583 4407 in
611 4342 746 4408 adversa
773 4344 946 4425 inscriptas
971 4348 1017 4408 est
1045 4345 1118 4408 Rex
1146 4342 1231 4409 Iuba
1260 4345 1345 4426 regis
1375 4341 1467 4406 Iubai
1491 4341 1512 4406 f.

219 4445 341 4532 r(egni)
364 4445 478 4530 s(nno)
499 4446 556 4528 VI,
586 4444 670 4510 ande
699 4445 767 4510 veri
793 4446 897 4510 annale
924 4447 962 4529 fit
982 4445 1100 4510 Iubam
1125 4467 1196 4511 eam
1218 4447 1306 4510 eirea
1326 4445 1362 4510 id
1385 4449 1512 4527 tempus,

219 4549 322 4614 idest
344 4569 375 4613 6.
397 4548 466 4630 fere
485 4551 530 4614 26
551 4569 682 4613 amorem
704 4547 837 4613 amase.
872 4546 1006 4613 Mortuo
1021 4551 1067 4613 est
1082 4554 1155 4612 onte
1171 4569 1289 4612 annam
1303 4552 1324 4613 5
1339 4569 1369 4612 6.
1386 4544 1430 4622 C„
1453 4567 1514 4628 qno

220 4653 288 4734 fere
315 4650 401 4717 Inda
427 4649 628 4734 Cloplpram
656 4649 784 4716 6666666
812 4649 995 4715 Alenandm‘
1018 4650 1158 4716 Herodis
1186 4651 1250 4735 filii
1278 4651 1373 4717 oeer'si
1394 4670 1424 4713 a.
1447 4648 1515 4730 fere

221 4759 242 4819 7
262 4775 292 4818 6.
317 4752 351 4819 C.
373 4753 412 4837 (6.
432 4773 532 4837 snpra
553 4753 586 4818 A
603 4753 676 4837 361)
697 4755 733 4818 in
753 4754 991 4818 matrimonimn
1012 4753 1103 4818 duait
1124 4753 1247 4837 Ioseph.
1271 4756 1512 4829 ant.17,13,1,

222 4855 292 4922 bell.
315 4861 348 4932 2,
373 4860 401 4933 7,
424 4861 454 4920 4.
490 4855 606 4938 Itaque
627 4877 771 4920 nummos
792 4856 894 4921 labae
918 4876 950 4923 n.
973 4859 1024 4933 88,
1055 4857 1110 4938 qni
1136 4856 1172 4920 in
1201 4875 1314 4920 666666
1342 4855 1514 4936 6666666166

219 4957 339 5043 Rlegni
362 4958 461 5042 anuo)
484 4958 604 5024 XXXI
625 4963 722 5042 capnt
741 4959 893 5025 moeliebre
915 4957 1128 5024 deadentotum
1149 4958 1289 5036 caditat,
1318 4955 1402 5041 qnod
1422 4954 1513 5023 Olea
