3758 5628
366 363 552 425 cmvnws
1009 357 1073 426 376
1530 359 1721 419 CLAVDIVS

429 585 543 630 versus
563 565 713 649 Pergami
733 564 941 652 philosophos
957 565 1102 632 Stoicum
1117 561 1311 650 discipulum
1328 561 1555 647 Philopatoris,
1579 559 1723 625 Platoni·

428 687 501 732 cara
523 665 716 755 discipulum
732 668 805 752 Gai,
830 668 1083 755 Peripateticum
1104 667 1233 753 Aspasii
1257 664 1462 752 discipulum,
1486 662 1627 748 denique
1642 661 1721 748 Epi-

427 789 561 834 cureum
584 771 746 856 quendam
768 770 894 836 audivit
915 773 982 854 ι’ρυε
1005 770 1024 838 ί.
1049 771 1069 836 ό.
1111 770 1224 836 Annos
1254 767 1484 854 septemdecim
1506 776 1603 832 natus
1624 775 1719 850 patre

426 881 559 937 auctore
587 873 654 955 ipse
676 873 695 939 λ
720 873 751 951 λ,
783 876 996 962 θεραπευτικῆτ
1023 873 1154 962 μεθόδου
1176 877 1206 950 9,
1228 875 1250 936 3
1270 871 1307 938 X
1320 893 1356 955 ρ.
1379 875 1451 949 669,
1481 875 1546 958 περὶ
1574 875 1627 936 τοῶ
1648 891 1718 958 προ-

424 979 577 1061 γινιόαιειν
600 997 626 1042 c.
649 982 675 1042 2
695 977 790 1043 XIV
799 999 836 1060 p.
851 982 917 1043 608
939 977 1120 1042 medicinae
1140 998 1270 1064 operam
1293 975 1371 1040 dare
1394 975 1501 1060 coepit
1522 985 1554 1037 et
1576 975 1716 1058 primum

422 1077 456 1141 in
479 1079 585 1164 patria
607 1078 715 1165 Satyri
746 1078 861 1145 medici
884 1079 1063 1166 discipulus
1090 1079 1152 1144 fuit
1172 1081 1240 1162 apae
1260 1081 1326 1166 περί
1347 1083 1400 1165 τῆς
1420 1078 1531 1150 τάξεως
1552 1083 1612 1142 τῶν
1634 1079 1716 1142 ίδίων

425 1181 545 1268 βιβλίων
558 1201 583 1246 c.
595 1186 617 1246 3
629 1181 724 1248 XIX
731 1204 766 1266 p.
776 1185 826 1261 57,
843 1186 908 1269 περί
923 1187 1112 1270 άνατομικῶν
1124 1183 1327 1270 ἐγχειρήσεων
1340 1185 1370 1258 1,
1384 1187 1412 1246 1.
1424 1180 1503 1248 211
1506 1202 1542 1263 p.
1551 1184 1626 1246 217.
1637 1183 1714 1254 224,

423 1286 489 1369 περὶ
510 1291 569 1350 τῶν
595 1283 755 1352 όντιδότων
770 1291 799 1364 1,
815 1291 855 1352 14
870 1287 930 1352 XI
932 1286 964 1352 V
966 1309 1003 1371 p.
1020 1291 1069 1364 69,
1093 1289 1133 1359 εἰς
1150 1283 1361 1372 Ἱπποκράτους
1382 1285 1448 1370 περὶ
1472 1285 1576 1372 φόσιοτ
1597 1282 1714 1368 ἀνθράι-

423 1409 480 1450 που
503 1385 663 1474 ὑπόμνημα
685 1409 709 1452 o.
726 1387 796 1454 6Χ
802 1388 834 1453 V
837 1411 873 1472 p.
886 1394 955 1465 136,
979 1391 1014 1455 ia
1033 1389 1171 1454 eiusdem
1193 1392 1259 1477 περὶ
1279 1395 1385 1475 χυμῶν
1401 1389 1508 1473 ὑπομν.
1523 1391 1552 1464 3,
1566 1391 1606 1450 34
1620 1384 1714 1450 XVI

418 1508 454 1569 ρ.
470 1491 541 1566 484,
565 1491 727 1578 ίπιδιγμιῶν
751 1494 950 1578 ὑπομνήματα
965 1497 994 1570 1,
1008 1497 1053 1558 29
1067 1491 1182 1558 XVII
1191 1497 1210 1556 1
1225 1513 1262 1575 p.
1277 1495 1347 1569 575,
1366 1496 1569 1579 προρρητικῶν
1586 1491 1715 1575 ὑπομνή-

423 1613 501 1675 ματα
515 1596 544 1668 1,
560 1595 581 1656 5
595 1591 689 1658 XVI
691 1616 727 1677 p.
739 1599 821 1672 524;
836 1595 912 1659 item
928 1595 1077 1678 Pergami
1094 1595 1276 1662 Stratonice
1293 1605 1325 1659 et
1335 1593 1536 1660 Aeschrione
1551 1593 1714 1675 magistris

421 1713 499 1756 usus
522 1703 572 1759 est
593 1699 658 1782 περί
681 1697 822 1782 μελαίνης
843 1703 939 1784 χολῆς
961 1703 1022 1762 orl
1047 1696 1080 1763 V
1085 1720 1123 1780 p,
1140 1702 1210 1774 119,
1232 1701 1371 1784 περὶτῆς
1392 1703 1451 1763 τῶν
1475 1698 1580 1762 ἁπλῶν
1598 1696 1713 1784 φαρμά·
1851 1715 1852 1726 ’

422 1819 484 1861 κων
508 1799 645 1883 κράσεων
668 1803 730 1864 κτλ.
754 1805 810 1878 11,
833 1805 877 1866 24
900 1799 980 1866 XII
997 1822 1034 1883 p.
1057 1803 1128 1866 356.
1174 1801 1299 1885 Viginti
1329 1821 1432 1864 annos
1462 1810 1557 1864 natus
1588 1809 1713 1885 patrem

421 1897 529 1962 amisit
548 1903 614 1986 περὶ
636 1901 780 1988 εὐχυμίας
801 1906 851 1969 καὶ
879 1906 1065 1990 κακοχυμίπς
1084 1909 1204 1991 τροφῶν
1227 1907 1288 1968 al
1311 1901 1362 1968 VI
1371 1925 1407 1986 p.
1424 1906 1494 1968 756.
1539 1901 1712 1986 Smyrnam

420 1999 582 2084 migravit,
600 2013 636 2068 ut
651 2003 803 2089 Pelopem
819 2004 980 2070 medicum
997 2017 1029 2070 et
1039 2005 1196 2071 Albinum
1212 2005 1415 2070 Platonicum
1430 2004 1559 2070 audiret
1573 2007 1640 2092 περί
1654 2010 1711 2070 τῶν

418 2101 499 2167 ίδίων
523 2105 643 2191 βιβλίων
667 2127 690 2171 c.
707 2106 841 2173 2XIX
854 2130 890 2192 p.
906 2113 947 2174 16
954 2129 964 2186 ‚·
985 2108 1103 2195 Pelops
1125 2109 1280 2193 magister
1302 2107 1419 2174 Galeri
1442 2112 1508 2196 περὶ
1529 2115 1583 2192 τῆς
1603 2109 1712 2179 τάξεως

418 2227 444 2268 τ.
462 2205 500 2270 ίδ.
520 2207 595 2294 βιβλ.
619 2228 644 2272 o.
668 2214 698 2286 3,
722 2214 788 2297 περὶ
812 2213 995 2298 ἀνατομικῶν
1018 2211 1222 2300 ἐγχειρήσεων
1239 2217 1268 2289 1,
1286 2211 1412 2295 11Ιρ.
1428 2215 1500 2288 217,
1525 2213 1567 2283 είς
1582 2209 1711 2297 Ἱπποκρ.

418 2308 485 2392 περὶ
508 2307 612 2392 φόσιος
634 2310 795 2400 ὑπόμνημα
816 2334 844 2379 c.
861 2313 931 2380 6Χ
938 2313 1008 2398 Vp.
1024 2319 1093 2392 136,
1116 2317 1182 2402 napi
1202 2316 1344 2401 μελαίνης
1358 2319 1452 2402 χολῆς
1472 2317 1535 2379 σ.3
1557 2313 1627 2397 Vp.
1640 2317 1709 2388 112,

418 2411 484 2495 περὶ
506 2417 565 2476 τῶν
588 2415 783 2481 πεπονθότων
806 2415 906 2483 τόπων
928 2423 959 2496 3,
981 2423 1020 2484 11
1044 2417 1135 2484 VIII
1144 2439 1181 2502 p.
1197 2423 1267 2494 194,
1291 2420 1333 2490 εἰς
1354 2415 1485 2504 Ἱπποκρ.
1509 2422 1710 2504 προρρητικῶν

418 2509 614 2599 ὑπομνήματα
635 2521 664 2593 1,
684 2516 756 2582 5Χ
762 2517 813 2584 VI
824 2541 860 2601 ρ.
875 2524 949 2586 524.
984 2521 1156 2585 Praeterea
1177 2519 1344 2586 Aeficiano
1367 2519 1403 2604 (7
1421 2521 1463 2600 cs.
1481 2518 1576 2584 Iwoa
1592 2517 1711 2583 Mauo

415 2614 525 2695 praef.
542 2637 579 2698 ρ.
601 2616 725 2684 LXIV
739 2621 799 2686 ool.
822 2623 868 2687 II
890 2623 1080 2707 scriptorum
1108 2624 1266 2688 mannan
1291 2621 1411 2688 Galesi
1436 2621 1483 2686 ed.
1512 2621 1643 2706 Teuta.)
1672 2623 1711 2691 εἰς

419 2710 548 2802 Ἱπποκρ.
564 2724 631 2807 περὶ
645 2731 751 2810 χυμῶν
768 2725 967 2811 ὑπομνήματα
980 2731 1011 2804 3,
1026 2729 1067 2790 34
1080 2725 1175 2791 XVI
1185 2749 1221 2810 ρ.
1238 2729 1309 2805 484,
1332 2727 1368 2791 ia
1391 2725 1526 2790 easdem
1548 2725 1708 2812 ἐπιδημῶν

418 2820 446 2894 1,
461 2821 507 2883 29
520 2818 636 2888 XVII
644 2830 663 2888 1
679 2847 715 2908 p.
730 2830 792 2892 575
814 2837 846 2893 et
866 2828 1058 2893 Numisiano
1081 2830 1244 2912 magistris
1267 2851 1345 2894 usus
1368 2838 1425 2912 est,
1449 2847 1547 2914 quem
1564 2825 1709 2893 Corinthi

418 2919 545 2987 audivit
565 2928 631 3011 napi
653 2929 840 3015 ἀνατομικῶν
860 2930 1063 3018 ἐγχειρήσεων
1078 2936 1107 3009 1,
1123 2931 1247 3014 1111).
1263 2935 1331 2998 217
1342 2951 1387 3014 aq.
1424 2928 1555 2995 Deinde
1571 2928 1708 2995 Alexan·

418 3019 516 3087 dreaa
539 3026 718 3094 studiorum
743 3053 841 3096 causa
855 3031 1058 3118 aliquantum
1074 3035 1228 3120 temporis
1243 3031 1333 3117 degit
1347 3035 1564 3120 θεραπευπκῆς
1579 3033 1707 3121 μεθόδου

419 3127 449 3201 Ῑι
467 3124 537 3190 7Χ
550 3149 586 3210 12.
599 3133 641 3195 53
654 3151 710 3214 ορ,
733 3137 798 3222 περὶ
820 3140 879 3200 τῶν
902 3138 1005 3202 ἁπλῶν
1030 3141 1199 3223 φαρμάκων
1220 3140 1284 3203 κτλ.
1306 3140 1335 3212 9,
1358 3141 1383 3202 2
1403 3135 1484 3201 XII
1493 3157 1531 3218 p.
1546 3141 1618 3212 177,
1645 3137 1709 3221 περὶ

422 3227 593 3303 συνθέσεως
615 3239 782 3321 φαρμάκων
805 3245 864 3303 τῶν
886 3238 961 3303 κατὰ
983 3239 1091 3310 τόπους
1108 3243 1177 3315 6,2
1198 3238 1279 3305 XII
1289 3261 1325 3322 p.
1339 3242 1409 3316 905,
1433 3237 1488 3302 ubi
1510 3259 1587 3303 cum
1609 3237 1708 3301 Hera·

418 3325 523 3394 oliano
546 3333 672 3400 medico
693 3338 884 3405 versabatur
906 3341 947 3412 εἰς
962 3338 1093 3428 Ἱπποκρ.
1115 3346 1182 3430 περὶ
1197 3344 1301 3429 φόσιος
1315 3342 1400 3428 ἀνθρ.
1418 3346 1450 3418 2,
1468 3339 1538 3406 6Χ
1544 3339 1576 3405 V
1586 3361 1622 3424 ρ.
1639 3341 1706 3403 136.

420 3429 508 3496 Puer
537 3445 569 3500 et
597 3436 785 3505 adulescens
811 3441 956 3508 febribus
979 3441 1117 3530 aliisque
1139 3442 1260 3509 morbis
1282 3467 1379 3531 saepe
1401 3451 1570 3529 correptus
1594 3438 1669 3505 inde
1689 3459 1709 3502 a

421 3532 572 3602 vicesimo
588 3549 705 3605 octavo
720 3545 834 3608 aetatis
850 3567 935 3609 anno
952 3545 1046 3609 firma
1059 3544 1243 3612 valetudine
1258 3569 1334 3612 usus
1348 3557 1397 3611 est
1411 3549 1476 3633 περὶ
1491 3545 1637 3631 εὐχυμίας
1645 3545 1706 3607 κτλ.

419 3641 480 3699 51
503 3635 554 3702 VI
562 3661 599 3722 p.
616 3646 684 3708 756.
702 3648 771 3723 757,
795 3648 927 3734 ὑγιεινῶν
950 3653 1016 3726 5,1
1039 3647 1090 3713 VI
1097 3670 1133 3732 p.
1150 3653 1221 3726 309,
1245 3653 1311 3735 περί
1330 3649 1440 3736 τρόμου
1464 3653 1527 3714 κτλ.
1551 3650 1614 3711 ο.7
1636 3641 1704 3709 VII

415 3742 539 3816 11638,
562 3747 708 3828 περὶτῶν
730 3751 924 3815 πεπονθότων
947 3751 1046 3816 τόπων
1067 3755 1096 3826 4,
1118 3755 1142 3818 2
1165 3751 1258 3818 VIII
1267 3775 1303 3835 p.
1317 3756 1395 3818 226.

483 3839 565 3907 Cum
582 3846 770 3914 vicesimum
785 3873 906 3916 nonum
920 3875 1041 3918 annum
1058 3874 1154 3936 agere
1169 3858 1334 3941 coepisset,
1351 3856 1385 3918 in
1403 3855 1542 3940 patriam
1557 3870 1706 3916 reversus

419 3941 564 4009 consulto
580 3949 784 4017 sacerdotum
797 3953 971 4041 (ἀρχιερεῖς)
983 3957 1257 4038 Pergamenorum
1269 3979 1385 4022 munus
1397 3955 1573 4022 curationis
1588 3952 1705 4038 gladia·

419 4053 524 4109 torum
544 4052 685 4136 suscepit
699 4057 765 4140 napi
780 4056 951 4129 συνθέσεως
967 4061 1134 4144 φαρμάκων
1149 4067 1209 4124 τῶν
1224 4059 1299 4126 κατὰ
1316 4058 1387 4144 γένη
1404 4063 1434 4136 3,
1445 4056 1624 4140 aXlIIp.
1635 4058 1703 4129 599,

419 4147 460 4217 είς
482 4145 611 4237 Ἱπποκρ.
635 4158 701 4240 περὶ
723 4158 827 4242 ἀγμῶν
844 4163 874 4236 3,
889 4165 932 4225 21
947 4159 984 4224 X
990 4160 1083 4226 VIII
1090 4166 1115 4226 2
1129 4183 1166 4244 p.
1181 4166 1251 4230 567.
1291 4162 1432 4244 Quis
1451 4160 1500 4226 vei
1520 4181 1576 4224 seo
1598 4175 1704 4230 canoa

417 4247 536 4315 scilicet
548 4273 577 4317 a.
589 4258 737 4322 158-164
748 4256 906 4325 Galeam
918 4260 1070 4344 Perpami
1083 4266 1156 4327 tanc
1170 4269 1328 4329 υονοαίιιιιι
1343 4283 1407 4329 esse
1420 4263 1550 4345 smper
1560 4259 1706 4326 Ικιδίιοιιο

415 4370 451 4432 p.
474 4355 494 4417 5
517 4353 654 4432 efferatas
681 4361 779 4424 οενδα
797 4361 916 4428 Geloni
936 4363 957 4428 l.
980 4364 999 4429 l.
1023 4364 1124 4429 XIII
1141 4388 1177 4448 ρ.
1195 4371 1257 4431 606
1278 4370 1294 4432 ό
1318 4367 1393 4453 μετὰ
1421 4367 1470 4432 τδν
1500 4362 1706 4452 όγχειρίσιιντοὶ
1851 4417 1852 4436 .

419 4477 469 4539 μοι
490 4455 556 4522 τότε
578 4459 630 4543 τὴν
654 4461 816 4548 θεραπείαν
839 4465 970 4548 (scilicet
995 4465 1223 4550 ρίαιίίαίοιιιιιι)
1247 4471 1383 4555 δεύτερος
1411 4470 1568 4556 ἀρχιερεὺς
1597 4466 1706 4553 δμοίως
1767 4475 1773 4488 ’
1851 4453 1852 4478 ’

418 4559 466 4621 καί
487 4558 575 4630 αότδς
592 4559 745 4628 ἐπίστευσε
759 4569 811 4652 τὴν
828 4567 996 4652 ἐπιμέλειαν
1013 4575 1072 4634 τῶν
1093 4575 1275 4657 μονομάχων
1291 4573 1367 4637 κατὰ
1382 4579 1477 4658 μῆνας
1491 4571 1567 4636 ἑπτὰ
1582 4569 1704 4657 μίσους·

419 4658 435 4722 ὁ
459 4661 512 4744 μὲν
535 4661 590 4746 γὰρ
613 4673 730 4750 πρῶτος
757 4671 821 4753 περὶ
843 4671 895 4755 τὴν
919 4673 1139 4757 φθινοπωρινὴν
1169 4675 1328 4761 ίσομερίαν,
1359 4676 1431 4740 aa
1455 4675 1593 4761 δεύτερος
1615 4671 1705 4757 ἀκμαί·

419 4763 521 4833 ίοντος
548 4769 601 4828 τοῦ
629 4765 700 4851 ἦρος
729 4771 960 4857 ἠρχιερεόσατο·
982 4777 1069 4840 πάλιν
1093 4772 1120 4838 δ’
1142 4775 1189 4841 ἐπί
1218 4779 1313 4862 τοότιρ
1342 4777 1503 4844 σωθέντων
1526 4772 1703 4844 assuant

418 4868 513 4946 τρίτος
541 4867 590 4931 καὶ
614 4867 631 4931 δ
655 4869 792 4958 τίταρτος
813 4875 898 4939 καλό
920 4875 1052 4960 πέμπτος
1081 4879 1220 4950 ῶςαότως
1249 4880 1432 4965 ἐνεχείρισάν
1463 4904 1513 4966 μοι
1541 4883 1595 4968 τὴν
1622 4881 1705 4964 θερα-

419 4967 503 5030 πείαν
524 4975 583 5034 τῶν
605 4977 800 5059 μονομάχων.
837 4977 978 5058 Θεόκριτε
999 4979 1098 5061 ιρίίαν
1118 4980 1294 5047 sacerdotes
1314 4981 1457 5066 deinceps
1479 4979 1707 5066 (prodabsliter
