<?xml version="1.0" encoding="UTF-8"?>
<!DOCTYPE html PUBLIC "-//W3C//DTD XHTML 1.0 Transitional//EN"
    "http://www.w3.org/TR/xhtml1/DTD/xhtml1-transitional.dtd">
<html xmlns="http://www.w3.org/1999/xhtml" xml:lang="en" lang="en">
 <head>
  <title>
</title>
<meta http-equiv="Content-Type" content="text/html;charset=utf-8" />
  <meta name='ocr-system' content='tesseract 3.04.00' />
  <meta name='ocr-capabilities' content='ocr_page ocr_carea ocr_par ocr_line ocrx_word'/>
</head>
<body>
  <div class='ocr_page' id='page_1' title='image "./prosopographiai00dessgoog/prosopographiai00dessgoog_0150.png"; bbox 0 0 3818 5620; ppageno 0'>
   <div class='ocr_carea' id='block_1_1' title="bbox 335 304 1689 372">
    <p class='ocr_par' dir='ltr' id='par_1_1' title="bbox 335 304 1689 372">
     <span class='ocr_line' id='line_1_1' title="bbox 335 304 1689 372; baseline 0 -2"><span class='ocrx_word' id='word_1_1' title='bbox 335 315 590 370; x_wconf 86' lang='lat' dir='ltr'><strong>ARISTOBVLVS</strong></span> <span class='ocrx_word' id='word_1_2' title='bbox 978 304 1041 369; x_wconf 81' lang='grc'><strong>134</strong></span> <span class='ocrx_word' id='word_1_3' title='bbox 1462 313 1689 372; x_wconf 81' lang='lat' dir='ltr'><strong>ARISTONIOE</strong></span> 
     </span>
    </p>
   </div>
   <div class='ocr_carea' id='block_1_2' title="bbox 335 509 1697 5000">
    <p class='ocr_par' dir='ltr' id='par_1_2' title="bbox 396 509 1692 1833">
     <span class='ocr_line' id='line_1_2' title="bbox 398 509 1690 599; baseline 0 -23"><span class='ocrx_word' id='word_1_4' title='bbox 398 512 579 599; x_wconf 81' lang='lat' dir='ltr'><strong>spargebat,</strong></span> <span class='ocrx_word' id='word_1_5' title='bbox 603 509 772 576; x_wconf 88' lang='lat' dir='ltr'><strong>lacessitus</strong></span> <span class='ocrx_word' id='word_1_6' title='bbox 794 510 942 576; x_wconf 86' lang='lat' dir='ltr'><strong>Herodes</strong></span> <span class='ocrx_word' id='word_1_7' title='bbox 959 509 1167 598; x_wconf 80' lang='lat' dir='ltr'><strong>Antipatrum</strong></span> <span class='ocrx_word' id='word_1_8' title='bbox 1189 510 1293 575; x_wconf 86' lang='lat' dir='ltr'><strong>filium</strong></span> <span class='ocrx_word' id='word_1_9' title='bbox 1315 509 1495 596; x_wconf 89' lang='lat' dir='ltr'><strong>relegatum</strong></span> <span class='ocrx_word' id='word_1_10' title='bbox 1516 511 1559 576; x_wconf 91' lang='lat' dir='ltr'><strong>ad</strong></span> <span class='ocrx_word' id='word_1_11' title='bbox 1581 511 1690 577; x_wconf 90' lang='lat' dir='ltr'><strong>aulam</strong></span> 
     </span>
     <span class='ocr_line' id='line_1_3' title="bbox 396 612 1691 701; baseline -0.001 -21"><span class='ocrx_word' id='word_1_12' title='bbox 396 616 563 680; x_wconf 84' lang='lat' dir='ltr'><strong>revocavit</strong></span> <span class='ocrx_word' id='word_1_13' title='bbox 585 623 617 678; x_wconf 92' lang='lat' dir='ltr'><strong>et</strong></span> <span class='ocrx_word' id='word_1_14' title='bbox 638 612 816 678; x_wconf 83' lang='lat' dir='ltr'>honoribus</span> <span class='ocrx_word' id='word_1_15' title='bbox 838 616 999 700; x_wconf 83' lang='lat' dir='ltr'><strong>provexit,</strong></span> <span class='ocrx_word' id='word_1_16' title='bbox 1023 613 1110 679; x_wconf 87' lang='lat' dir='ltr'><strong>unde</strong></span> <span class='ocrx_word' id='word_1_17' title='bbox 1125 612 1306 678; x_wconf 82' lang='lat' dir='ltr'><strong>discordiae</strong></span> <span class='ocrx_word' id='word_1_18' title='bbox 1321 615 1405 679; x_wconf 90' lang='lat' dir='ltr'><strong>inter</strong></span> <span class='ocrx_word' id='word_1_19' title='bbox 1420 625 1545 701; x_wconf 89' lang='lat' dir='ltr'><strong>patrem</strong></span> <span class='ocrx_word' id='word_1_20' title='bbox 1562 624 1595 679; x_wconf 88' lang='lat' dir='ltr'><strong>et</strong></span> <span class='ocrx_word' id='word_1_21' title='bbox 1607 613 1691 680; x_wconf 90' lang='lat' dir='ltr'><strong>filios</strong></span> 
     </span>
     <span class='ocr_line' id='line_1_4' title="bbox 398 716 1692 799; baseline -0.001 -16"><span class='ocrx_word' id='word_1_22' title='bbox 398 718 604 783; x_wconf 88' lang='lat' dir='ltr'><strong>Mariammes</strong></span> <span class='ocrx_word' id='word_1_23' title='bbox 628 727 717 782; x_wconf 87' lang='lat' dir='ltr'><strong>ortae</strong></span> <span class='ocrx_word' id='word_1_24' title='bbox 732 727 807 781; x_wconf 87' lang='lat' dir='ltr'><strong>sunt</strong></span> <span class='ocrx_word' id='word_1_25' title='bbox 823 717 866 782; x_wconf 86' lang='lat' dir='ltr'><strong>id.</strong></span> <span class='ocrx_word' id='word_1_26' title='bbox 884 721 950 782; x_wconf 79' lang='lat' dir='ltr'><strong>nost.</strong></span> <span class='ocrx_word' id='word_1_27' title='bbox 966 722 1015 795; x_wconf 98' lang='grc'><strong>16,</strong></span> <span class='ocrx_word' id='word_1_28' title='bbox 1030 721 1059 794; x_wconf 88' lang='lat'><strong>3,</strong></span> <span class='ocrx_word' id='word_1_29' title='bbox 1085 716 1155 782; x_wconf 86' lang='lat' dir='ltr'><strong>bell.</strong></span> <span class='ocrx_word' id='word_1_30' title='bbox 1172 722 1201 794; x_wconf 88' lang='lat'><strong>1,</strong></span> <span class='ocrx_word' id='word_1_31' title='bbox 1216 721 1269 794; x_wconf 81' lang='grc'><strong>23,</strong></span> <span class='ocrx_word' id='word_1_32' title='bbox 1286 721 1364 784; x_wconf 90' lang='grc'><em>1-2.</em></span> <span class='ocrx_word' id='word_1_33' title='bbox 1402 717 1496 799; x_wconf 78' lang='lat' dir='ltr'><strong>Quae</strong></span> <span class='ocrx_word' id='word_1_34' title='bbox 1511 739 1585 782; x_wconf 91' lang='lat' dir='ltr'><strong>cum</strong></span> <span class='ocrx_word' id='word_1_35' title='bbox 1598 717 1692 783; x_wconf 88' lang='lat' dir='ltr'><strong>Anti-</strong></span> 
     </span>
     <span class='ocr_line' id='line_1_5' title="bbox 399 819 1691 908; baseline 0.001 -23"><span class='ocrx_word' id='word_1_36' title='bbox 399 831 489 908; x_wconf 88' lang='lat' dir='ltr'><strong>patro</strong></span> <span class='ocrx_word' id='word_1_37' title='bbox 513 832 645 886; x_wconf 87' lang='lat' dir='ltr'><strong>auctore</strong></span> <span class='ocrx_word' id='word_1_38' title='bbox 668 829 850 885; x_wconf 88' lang='lat' dir='ltr'><strong>crescerent</strong></span> <span class='ocrx_word' id='word_1_39' title='bbox 871 821 904 884; x_wconf 93' lang='lat' dir='ltr'><strong>in</strong></span> <span class='ocrx_word' id='word_1_40' title='bbox 927 819 1006 904; x_wconf 90' lang='lat' dir='ltr'><strong>dies,</strong></span> <span class='ocrx_word' id='word_1_41' title='bbox 1029 819 1178 884; x_wconf 88' lang='lat' dir='ltr'><strong>Herodes</strong></span> <span class='ocrx_word' id='word_1_42' title='bbox 1193 821 1227 884; x_wconf 93' lang='lat' dir='ltr'><strong>in</strong></span> <span class='ocrx_word' id='word_1_43' title='bbox 1241 819 1367 886; x_wconf 87' lang='lat' dir='ltr'><strong>Italiam</strong></span> <span class='ocrx_word' id='word_1_44' title='bbox 1383 820 1548 906; x_wconf 84' lang='lat' dir='ltr'><strong>proiectus</strong></span> <span class='ocrx_word' id='word_1_45' title='bbox 1563 821 1607 905; x_wconf 88' lang='lat' dir='ltr'><strong>(o.</strong></span> <span class='ocrx_word' id='word_1_46' title='bbox 1623 821 1691 902; x_wconf 81' lang='lat' dir='ltr'><strong>sere</strong></span> 
     </span>
     <span class='ocr_line' id='line_1_6' title="bbox 399 921 1689 1009; baseline 0 -21"><span class='ocrx_word' id='word_1_47' title='bbox 399 929 462 990; x_wconf 92' lang='grc'><strong>742</strong></span> <span class='ocrx_word' id='word_1_48' title='bbox 477 955 519 977; x_wconf 79' lang='grc'><strong>--</strong></span> <span class='ocrx_word' id='word_1_49' title='bbox 534 922 589 1005; x_wconf 90' lang='grc'><strong>12)</strong></span> <span class='ocrx_word' id='word_1_50' title='bbox 611 921 694 987; x_wconf 88' lang='lat' dir='ltr'><strong>filios</strong></span> <span class='ocrx_word' id='word_1_51' title='bbox 716 944 826 988; x_wconf 90' lang='lat' dir='ltr'><strong>secum</strong></span> <span class='ocrx_word' id='word_1_52' title='bbox 847 922 1006 988; x_wconf 87' lang='lat' dir='ltr'><strong>adductos</strong></span> <span class='ocrx_word' id='word_1_53' title='bbox 1022 921 1194 1008; x_wconf 81' lang='lat' dir='ltr'><strong>Aquileiae</strong></span> <span class='ocrx_word' id='word_1_54' title='bbox 1209 922 1295 1009; x_wconf 90' lang='lat' dir='ltr'><strong>apud</strong></span> <span class='ocrx_word' id='word_1_55' title='bbox 1311 923 1497 1006; x_wconf 84' lang='lat' dir='ltr'><strong>Augustum</strong></span> <span class='ocrx_word' id='word_1_56' title='bbox 1513 926 1689 1000; x_wconf 88' lang='lat' dir='ltr'><strong>accusavit,</strong></span> 
     </span>
     <span class='ocr_line' id='line_1_7' title="bbox 399 1025 1690 1112; baseline -0.002 -20"><span class='ocrx_word' id='word_1_57' title='bbox 399 1027 456 1092; x_wconf 91' lang='lat' dir='ltr'><strong>sed</strong></span> <span class='ocrx_word' id='word_1_58' title='bbox 478 1027 519 1092; x_wconf 90' lang='lat' dir='ltr'><strong>ab</strong></span> <span class='ocrx_word' id='word_1_59' title='bbox 542 1028 737 1112; x_wconf 86' lang='lat' dir='ltr'><strong>imperatore</strong></span> <span class='ocrx_word' id='word_1_60' title='bbox 759 1027 791 1089; x_wconf 93' lang='lat' dir='ltr'><strong>in</strong></span> <span class='ocrx_word' id='word_1_61' title='bbox 814 1027 953 1110; x_wconf 82' lang='lat' dir='ltr'><strong>gratiam</strong></span> <span class='ocrx_word' id='word_1_62' title='bbox 976 1025 1101 1091; x_wconf 89' lang='lat' dir='ltr'><strong>reducti</strong></span> <span class='ocrx_word' id='word_1_63' title='bbox 1124 1035 1201 1091; x_wconf 91' lang='lat' dir='ltr'><strong>sunt</strong></span> <span class='ocrx_word' id='word_1_64' title='bbox 1221 1027 1265 1093; x_wconf 87' lang='lat' dir='ltr'><strong>id.</strong></span> <span class='ocrx_word' id='word_1_65' title='bbox 1282 1031 1348 1093; x_wconf 82' lang='lat' dir='ltr'><strong>cat.</strong></span> <span class='ocrx_word' id='word_1_66' title='bbox 1366 1031 1415 1103; x_wconf 83' lang='lat'><strong>16,</strong></span> <span class='ocrx_word' id='word_1_67' title='bbox 1430 1031 1459 1103; x_wconf 91' lang='lat'><strong>4,</strong></span> <span class='ocrx_word' id='word_1_68' title='bbox 1476 1031 1551 1103; x_wconf 84' lang='lat'><strong>1-4,</strong></span> <span class='ocrx_word' id='word_1_69' title='bbox 1575 1027 1645 1092; x_wconf 83' lang='lat' dir='ltr'><strong>bell.</strong></span> <span class='ocrx_word' id='word_1_70' title='bbox 1662 1032 1690 1104; x_wconf 90' lang='lat'><strong>1,</strong></span> 
     </span>
     <span class='ocr_line' id='line_1_8' title="bbox 398 1127 1691 1216; baseline -0.001 -21"><span class='ocrx_word' id='word_1_71' title='bbox 398 1135 450 1206; x_wconf 84' lang='lat'><strong>23,</strong></span> <span class='ocrx_word' id='word_1_72' title='bbox 466 1136 496 1194; x_wconf 87' lang='grc'><strong>3.</strong></span> <span class='ocrx_word' id='word_1_73' title='bbox 533 1130 675 1193; x_wconf 89' lang='lat' dir='ltr'><strong>Domum</strong></span> <span class='ocrx_word' id='word_1_74' title='bbox 697 1129 820 1192; x_wconf 87' lang='lat' dir='ltr'><strong>reversi</strong></span> <span class='ocrx_word' id='word_1_75' title='bbox 842 1128 951 1194; x_wconf 90' lang='lat' dir='ltr'><strong>denuo</strong></span> <span class='ocrx_word' id='word_1_76' title='bbox 973 1128 1158 1193; x_wconf 86' lang='lat' dir='ltr'><strong>inimicitias</strong></span> <span class='ocrx_word' id='word_1_77' title='bbox 1175 1127 1382 1212; x_wconf 80' lang='lat' dir='ltr'><strong>exercebant,</strong></span> <span class='ocrx_word' id='word_1_78' title='bbox 1406 1151 1487 1214; x_wconf 89' lang='lat' dir='ltr'><strong>quas</strong></span> <span class='ocrx_word' id='word_1_79' title='bbox 1509 1130 1543 1193; x_wconf 92' lang='lat' dir='ltr'><strong>in</strong></span> <span class='ocrx_word' id='word_1_80' title='bbox 1566 1138 1691 1216; x_wconf 88' lang='lat' dir='ltr'><strong>tempus</strong></span> 
     </span>
     <span class='ocr_line' id='line_1_9' title="bbox 400 1229 1691 1317; baseline 0 -21"><span class='ocrx_word' id='word_1_81' title='bbox 400 1229 581 1297; x_wconf 87' lang='lat' dir='ltr'><strong>Archelaus</strong></span> <span class='ocrx_word' id='word_1_82' title='bbox 599 1231 780 1317; x_wconf 89' lang='lat' dir='ltr'><strong>composuit</strong></span> <span class='ocrx_word' id='word_1_83' title='bbox 794 1229 838 1296; x_wconf 80' lang='lat' dir='ltr'><strong>id.</strong></span> <span class='ocrx_word' id='word_1_84' title='bbox 855 1235 921 1296; x_wconf 76' lang='grc'><em>661.</em></span> <span class='ocrx_word' id='word_1_85' title='bbox 937 1235 985 1308; x_wconf 91' lang='grc'><strong>16,</strong></span> <span class='ocrx_word' id='word_1_86' title='bbox 1000 1235 1032 1308; x_wconf 87' lang='grc'><strong>8,</strong></span> <span class='ocrx_word' id='word_1_87' title='bbox 1048 1235 1076 1307; x_wconf 93' lang='grc'><strong>6,</strong></span> <span class='ocrx_word' id='word_1_88' title='bbox 1102 1229 1172 1296; x_wconf 83' lang='lat' dir='ltr'><strong>bell.</strong></span> <span class='ocrx_word' id='word_1_89' title='bbox 1188 1236 1217 1308; x_wconf 89' lang='lat'><strong>1,</strong></span> <span class='ocrx_word' id='word_1_90' title='bbox 1233 1235 1286 1308; x_wconf 97' lang='grc'><strong>25,</strong></span> <span class='ocrx_word' id='word_1_91' title='bbox 1310 1230 1389 1295; x_wconf 92' lang='lat' dir='ltr'><strong>dum</strong></span> <span class='ocrx_word' id='word_1_92' title='bbox 1404 1231 1553 1296; x_wconf 89' lang='lat' dir='ltr'><strong>Herodes</strong></span> <span class='ocrx_word' id='word_1_93' title='bbox 1568 1231 1691 1297; x_wconf 90' lang='lat' dir='ltr'><strong>Aristo-</strong></span> 
     </span>
     <span class='ocr_line' id='line_1_10' title="bbox 398 1331 1689 1420; baseline 0 -19"><span class='ocrx_word' id='word_1_94' title='bbox 398 1335 513 1402; x_wconf 90' lang='lat' dir='ltr'><strong>bulum</strong></span> <span class='ocrx_word' id='word_1_95' title='bbox 534 1345 568 1398; x_wconf 88' lang='grc'><strong>61</strong></span> <span class='ocrx_word' id='word_1_96' title='bbox 588 1333 813 1399; x_wconf 82' lang='lat' dir='ltr'><strong>Alexandrum</strong></span> <span class='ocrx_word' id='word_1_97' title='bbox 838 1335 973 1398; x_wconf 86' lang='lat' dir='ltr'><strong>crimine</strong></span> <span class='ocrx_word' id='word_1_98' title='bbox 995 1331 1161 1420; x_wconf 87' lang='lat' dir='ltr'><strong>parricidii</strong></span> <span class='ocrx_word' id='word_1_99' title='bbox 1185 1334 1217 1396; x_wconf 93' lang='lat' dir='ltr'><strong>in</strong></span> <span class='ocrx_word' id='word_1_100' title='bbox 1241 1333 1373 1398; x_wconf 89' lang='lat' dir='ltr'><strong>vincula</strong></span> <span class='ocrx_word' id='word_1_101' title='bbox 1394 1333 1533 1398; x_wconf 87' lang='lat' dir='ltr'><strong>coniecit</strong></span> <span class='ocrx_word' id='word_1_102' title='bbox 1558 1333 1601 1401; x_wconf 87' lang='lat' dir='ltr'><strong>id.</strong></span> <span class='ocrx_word' id='word_1_103' title='bbox 1625 1339 1689 1402; x_wconf 78' lang='lat' dir='ltr'><strong>aas.</strong></span> 
     </span>
     <span class='ocr_line' id='line_1_11' title="bbox 398 1435 1689 1522; baseline -0.002 -18"><span class='ocrx_word' id='word_1_104' title='bbox 398 1445 447 1516; x_wconf 85' lang='lat'><strong>16,</strong></span> <span class='ocrx_word' id='word_1_105' title='bbox 463 1445 514 1516; x_wconf 89' lang='grc'><strong>10,</strong></span> <span class='ocrx_word' id='word_1_106' title='bbox 538 1437 608 1502; x_wconf 87' lang='lat' dir='ltr'><strong>boll.</strong></span> <span class='ocrx_word' id='word_1_107' title='bbox 624 1442 653 1514; x_wconf 89' lang='lat'><strong>1,</strong></span> <span class='ocrx_word' id='word_1_108' title='bbox 669 1442 723 1512; x_wconf 92' lang='grc'><strong>27,</strong></span> <span class='ocrx_word' id='word_1_109' title='bbox 739 1441 768 1502; x_wconf 90' lang='grc'><strong>1.</strong></span> <span class='ocrx_word' id='word_1_110' title='bbox 801 1437 854 1500; x_wconf 89' lang='grc' dir='ltr'><strong>Ι)6</strong></span> <span class='ocrx_word' id='word_1_111' title='bbox 869 1435 995 1503; x_wconf 90' lang='lat' dir='ltr'><strong>consilii</strong></span> <span class='ocrx_word' id='word_1_112' title='bbox 1012 1437 1182 1519; x_wconf 87' lang='lat' dir='ltr'><strong>sententia,</strong></span> <span class='ocrx_word' id='word_1_113' title='bbox 1205 1436 1293 1521; x_wconf 92' lang='lat' dir='ltr'><strong>quod</strong></span> <span class='ocrx_word' id='word_1_114' title='bbox 1308 1438 1466 1522; x_wconf 83' lang='lat' dir='ltr'><strong>Berytum</strong></span> <span class='ocrx_word' id='word_1_115' title='bbox 1486 1449 1689 1515; x_wconf 87' lang='lat' dir='ltr'><strong>convocarat,</strong></span> 
     </span>
     <span class='ocr_line' id='line_1_12' title="bbox 399 1538 1690 1626; baseline -0.002 -19"><span class='ocrx_word' id='word_1_116' title='bbox 399 1543 544 1607; x_wconf 90' lang='lat' dir='ltr'><strong>damnati</strong></span> <span class='ocrx_word' id='word_1_117' title='bbox 567 1553 599 1607; x_wconf 91' lang='lat' dir='ltr'><strong>et</strong></span> <span class='ocrx_word' id='word_1_118' title='bbox 619 1539 703 1626; x_wconf 90' lang='lat' dir='ltr'><strong>apud</strong></span> <span class='ocrx_word' id='word_1_119' title='bbox 722 1538 879 1604; x_wconf 60' lang='lat' dir='ltr'><strong>sebasten</strong></span> <span class='ocrx_word' id='word_1_120' title='bbox 902 1541 999 1604; x_wconf 90' lang='lat' dir='ltr'><strong>occisi</strong></span> <span class='ocrx_word' id='word_1_121' title='bbox 1023 1549 1099 1604; x_wconf 88' lang='lat' dir='ltr'><strong>sunt</strong></span> <span class='ocrx_word' id='word_1_122' title='bbox 1121 1561 1151 1606; x_wconf 86' lang='grc'><strong>6.</strong></span> <span class='ocrx_word' id='word_1_123' title='bbox 1174 1541 1242 1622; x_wconf 68' lang='lat' dir='ltr'><strong>sere</strong></span> <span class='ocrx_word' id='word_1_124' title='bbox 1262 1546 1323 1605; x_wconf 88' lang='grc'><em>747</em></span> <span class='ocrx_word' id='word_1_125' title='bbox 1335 1545 1412 1605; x_wconf 84' lang='lat'><strong>=7</strong></span> <span class='ocrx_word' id='word_1_126' title='bbox 1434 1541 1476 1606; x_wconf 85' lang='lat' dir='ltr'><strong>id.</strong></span> <span class='ocrx_word' id='word_1_127' title='bbox 1494 1545 1558 1606; x_wconf 81' lang='lat' dir='ltr'><strong>cat.</strong></span> <span class='ocrx_word' id='word_1_128' title='bbox 1575 1545 1624 1620; x_wconf 88' lang='grc'><strong>16,</strong></span> <span class='ocrx_word' id='word_1_129' title='bbox 1641 1546 1690 1618; x_wconf 89' lang='grc'><strong>11,</strong></span> 
     </span>
     <span class='ocr_line' id='line_1_13' title="bbox 398 1641 1690 1726; baseline -0.001 -16"><span class='ocrx_word' id='word_1_130' title='bbox 398 1650 474 1721; x_wconf 84' lang='grc'><em>1-7,</em></span> <span class='ocrx_word' id='word_1_131' title='bbox 498 1644 567 1711; x_wconf 83' lang='lat' dir='ltr'><strong>bell.</strong></span> <span class='ocrx_word' id='word_1_132' title='bbox 584 1649 612 1721; x_wconf 85' lang='lat'><strong>1,</strong></span> <span class='ocrx_word' id='word_1_133' title='bbox 629 1649 682 1720; x_wconf 94' lang='grc'><strong>27,</strong></span> <span class='ocrx_word' id='word_1_134' title='bbox 698 1647 777 1720; x_wconf 89' lang='grc'><em>2-6,</em></span> <span class='ocrx_word' id='word_1_135' title='bbox 794 1641 965 1722; x_wconf 76' lang='lat' dir='ltr'><strong>(Nicotaus</strong></span> <span class='ocrx_word' id='word_1_136' title='bbox 980 1643 1173 1709; x_wconf 76' lang='lat' dir='ltr'><strong>Dansoscaa.</strong></span> <span class='ocrx_word' id='word_1_137' title='bbox 1189 1642 1226 1708; x_wconf 87' lang='lat' dir='ltr'><strong>dc</strong></span> <span class='ocrx_word' id='word_1_138' title='bbox 1239 1645 1307 1709; x_wconf 83' lang='lat' dir='ltr'><strong>cita</strong></span> <span class='ocrx_word' id='word_1_139' title='bbox 1321 1665 1382 1710; x_wconf 82' lang='grc'><strong>666</strong></span> <span class='ocrx_word' id='word_1_140' title='bbox 1396 1645 1439 1726; x_wconf 80' lang='lat' dir='ltr'><strong>fr.</strong></span> <span class='ocrx_word' id='word_1_141' title='bbox 1454 1647 1475 1711; x_wconf 90' lang='grc'><em>5</em></span> <span class='ocrx_word' id='word_1_142' title='bbox 1489 1643 1604 1712; x_wconf 82' lang='lat' dir='ltr'><strong>FHG.</strong></span> <span class='ocrx_word' id='word_1_143' title='bbox 1620 1645 1690 1721; x_wconf 91' lang='grc' dir='ltr'><em>ΙΙΙ,</em></span> 
     </span>
     <span class='ocr_line' id='line_1_14' title="bbox 399 1749 689 1833; baseline -0.017 -17"><span class='ocrx_word' id='word_1_144' title='bbox 399 1749 519 1816; x_wconf 81' lang='lat' dir='ltr'><strong>Strabo</strong></span> <span class='ocrx_word' id='word_1_145' title='bbox 541 1751 590 1825; x_wconf 87' lang='lat'><strong>16,</strong></span> <span class='ocrx_word' id='word_1_146' title='bbox 608 1751 689 1833; x_wconf 85' lang='lat'><strong>765).</strong></span> 
     </span>
    </p>

    <p class='ocr_par' dir='ltr' id='par_1_3' title="bbox 400 1846 1692 2036">
     <span class='ocr_line' id='line_1_15' title="bbox 462 1846 1692 1936; baseline -0.002 -21"><span class='ocrx_word' id='word_1_147' title='bbox 462 1849 574 1915; x_wconf 86' lang='lat' dir='ltr'><strong>Liberi</strong></span> <span class='ocrx_word' id='word_1_148' title='bbox 597 1847 794 1915; x_wconf 87' lang='lat' dir='ltr'><strong>Aristobuli:</strong></span> <span class='ocrx_word' id='word_1_149' title='bbox 824 1847 1044 1927; x_wconf 87' lang='lat' dir='ltr'><strong>Aristobulus,</strong></span> <span class='ocrx_word' id='word_1_150' title='bbox 1076 1847 1206 1933; x_wconf 85' lang='lat' dir='ltr'><strong>(Iulius)</strong></span> <span class='ocrx_word' id='word_1_151' title='bbox 1223 1846 1371 1936; x_wconf 83' lang='lat' dir='ltr'><strong>Agrippa</strong></span> <span class='ocrx_word' id='word_1_152' title='bbox 1393 1850 1423 1932; x_wconf 85' lang='grc' dir='ltr'><strong>(Ι</strong></span> <span class='ocrx_word' id='word_1_153' title='bbox 1438 1850 1520 1933; x_wconf 86' lang='lat' dir='ltr'><strong>rex),</strong></span> <span class='ocrx_word' id='word_1_154' title='bbox 1544 1848 1692 1915; x_wconf 83' lang='lat' dir='ltr'><strong>Herodes</strong></span> 
     </span>
     <span class='ocr_line' id='line_1_16' title="bbox 400 1951 1690 2036; baseline -0.002 -17"><span class='ocrx_word' id='word_1_155' title='bbox 400 1977 459 2019; x_wconf 86' lang='lat' dir='ltr'><strong>rex</strong></span> <span class='ocrx_word' id='word_1_156' title='bbox 475 1952 647 2036; x_wconf 82' lang='lat' dir='ltr'><strong>Chalcidis,</strong></span> <span class='ocrx_word' id='word_1_157' title='bbox 673 1952 843 2034; x_wconf 88' lang='lat' dir='ltr'><strong>Herodias,</strong></span> <span class='ocrx_word' id='word_1_158' title='bbox 867 1951 1058 2018; x_wconf 88' lang='lat' dir='ltr'><strong>Mariamme</strong></span> <span class='ocrx_word' id='word_1_159' title='bbox 1073 1952 1197 2035; x_wconf 78' lang='lat' dir='ltr'><strong>Ioseph.</strong></span> <span class='ocrx_word' id='word_1_160' title='bbox 1214 1958 1280 2018; x_wconf 82' lang='lat' dir='ltr'><strong>cat.</strong></span> <span class='ocrx_word' id='word_1_161' title='bbox 1296 1957 1346 2030; x_wconf 92' lang='grc'><strong>18,</strong></span> <span class='ocrx_word' id='word_1_162' title='bbox 1360 1957 1390 2029; x_wconf 87' lang='grc'><strong>5,</strong></span> <span class='ocrx_word' id='word_1_163' title='bbox 1405 1958 1435 2030; x_wconf 92' lang='grc'><strong>4,</strong></span> <span class='ocrx_word' id='word_1_164' title='bbox 1460 1951 1529 2018; x_wconf 86' lang='lat' dir='ltr'><strong>bell.</strong></span> <span class='ocrx_word' id='word_1_165' title='bbox 1545 1959 1575 2030; x_wconf 88' lang='lat'><strong>1,</strong></span> <span class='ocrx_word' id='word_1_166' title='bbox 1590 1955 1644 2030; x_wconf 91' lang='grc'><strong>28,</strong></span> <span class='ocrx_word' id='word_1_167' title='bbox 1662 1957 1690 2017; x_wconf 93' lang='grc'><strong>1.</strong></span> 
     </span>
    </p>

    <p class='ocr_par' dir='ltr' id='par_1_4' title="bbox 335 2053 1694 2966">
     <span class='ocr_line' id='line_1_17' title="bbox 335 2053 1691 2142; baseline -0.001 -20"><span class='ocrx_word' id='word_1_168' title='bbox 335 2059 398 2122; x_wconf 88' lang='grc'><strong>863</strong></span> <span class='ocrx_word' id='word_1_169' title='bbox 422 2055 629 2122; x_wconf 88' lang='lat' dir='ltr'><strong>Aristobulus</strong></span> <span class='ocrx_word' id='word_1_170' title='bbox 645 2055 765 2142; x_wconf 87' lang='lat' dir='ltr'><strong>(iunior</strong></span> <span class='ocrx_word' id='word_1_171' title='bbox 788 2055 919 2120; x_wconf 78' lang='lat' dir='ltr'><strong>additor</strong></span> <span class='ocrx_word' id='word_1_172' title='bbox 939 2057 974 2120; x_wconf 84' lang='lat' dir='ltr'><strong>in</strong></span> <span class='ocrx_word' id='word_1_173' title='bbox 997 2055 1135 2138; x_wconf 81' lang='lat' dir='ltr'><strong>epistula</strong></span> <span class='ocrx_word' id='word_1_174' title='bbox 1160 2053 1297 2120; x_wconf 78' lang='lat' dir='ltr'><strong>Claudii</strong></span> <span class='ocrx_word' id='word_1_175' title='bbox 1312 2055 1436 2139; x_wconf 82' lang='lat' dir='ltr'><strong>Ioseph.</strong></span> <span class='ocrx_word' id='word_1_176' title='bbox 1453 2060 1584 2134; x_wconf 76' lang='grc'><em>66120,</em></span> <span class='ocrx_word' id='word_1_177' title='bbox 1600 2061 1629 2132; x_wconf 88' lang='grc'><strong>1,</strong></span> <span class='ocrx_word' id='word_1_178' title='bbox 1645 2053 1691 2138; x_wconf 90' lang='grc'><strong>2),</strong></span> 
     </span>
     <span class='ocr_line' id='line_1_18' title="bbox 400 2156 1691 2244; baseline -0.002 -20"><span class='ocrx_word' id='word_1_179' title='bbox 400 2159 485 2224; x_wconf 87' lang='lat' dir='ltr'><strong>lilius</strong></span> <span class='ocrx_word' id='word_1_180' title='bbox 501 2157 682 2223; x_wconf 89' lang='lat' dir='ltr'><strong>Aristobuli</strong></span> <span class='ocrx_word' id='word_1_181' title='bbox 698 2167 730 2222; x_wconf 92' lang='lat' dir='ltr'><strong>et</strong></span> <span class='ocrx_word' id='word_1_182' title='bbox 745 2159 927 2240; x_wconf 88' lang='lat' dir='ltr'><strong>Berenices,</strong></span> <span class='ocrx_word' id='word_1_183' title='bbox 947 2180 1047 2244; x_wconf 88' lang='lat' dir='ltr'><strong>nepos</strong></span> <span class='ocrx_word' id='word_1_184' title='bbox 1062 2157 1204 2222; x_wconf 84' lang='lat' dir='ltr'><strong>Herodis</strong></span> <span class='ocrx_word' id='word_1_185' title='bbox 1219 2156 1341 2242; x_wconf 81' lang='lat' dir='ltr'><strong>Magni,</strong></span> <span class='ocrx_word' id='word_1_186' title='bbox 1359 2157 1459 2223; x_wconf 84' lang='lat' dir='ltr'><strong>frater</strong></span> <span class='ocrx_word' id='word_1_187' title='bbox 1470 2157 1637 2244; x_wconf 88' lang='lat' dir='ltr'><strong>Agrippae</strong></span> <span class='ocrx_word' id='word_1_188' title='bbox 1648 2159 1691 2240; x_wconf 85' lang='grc' dir='ltr'><strong>(Ι)</strong></span> 
     </span>
     <span class='ocr_line' id='line_1_19' title="bbox 398 2259 1691 2345; baseline -0.001 -19"><span class='ocrx_word' id='word_1_189' title='bbox 398 2264 483 2343; x_wconf 87' lang='lat' dir='ltr'><strong>regis</strong></span> <span class='ocrx_word' id='word_1_190' title='bbox 506 2271 538 2326; x_wconf 92' lang='lat' dir='ltr'><strong>ct</strong></span> <span class='ocrx_word' id='word_1_191' title='bbox 560 2261 701 2326; x_wconf 90' lang='lat' dir='ltr'><strong>Herodis</strong></span> <span class='ocrx_word' id='word_1_192' title='bbox 723 2262 809 2345; x_wconf 89' lang='lat' dir='ltr'><strong>regis</strong></span> <span class='ocrx_word' id='word_1_193' title='bbox 833 2259 996 2326; x_wconf 78' lang='lat' dir='ltr'><strong>Chalcidis</strong></span> <span class='ocrx_word' id='word_1_194' title='bbox 1019 2261 1143 2344; x_wconf 78' lang='lat' dir='ltr'><strong>Ioseph.</strong></span> <span class='ocrx_word' id='word_1_195' title='bbox 1167 2265 1232 2328; x_wconf 74' lang='lat' dir='ltr'><strong>aas.</strong></span> <span class='ocrx_word' id='word_1_196' title='bbox 1255 2265 1304 2338; x_wconf 91' lang='grc'><em>18,</em></span> <span class='ocrx_word' id='word_1_197' title='bbox 1327 2265 1357 2338; x_wconf 90' lang='grc'><strong>5,</strong></span> <span class='ocrx_word' id='word_1_198' title='bbox 1379 2267 1409 2339; x_wconf 92' lang='grc'><strong>4,</strong></span> <span class='ocrx_word' id='word_1_199' title='bbox 1441 2260 1511 2327; x_wconf 84' lang='lat' dir='ltr'><strong>boll.</strong></span> <span class='ocrx_word' id='word_1_200' title='bbox 1534 2267 1563 2339; x_wconf 92' lang='grc'><strong>1,</strong></span> <span class='ocrx_word' id='word_1_201' title='bbox 1586 2265 1639 2338; x_wconf 88' lang='grc'><strong>28,</strong></span> <span class='ocrx_word' id='word_1_202' title='bbox 1662 2266 1691 2326; x_wconf 92' lang='grc'><strong>1.</strong></span> 
     </span>
     <span class='ocr_line' id='line_1_20' title="bbox 399 2362 1694 2450; baseline -0.002 -20"><span class='ocrx_word' id='word_1_203' title='bbox 399 2366 535 2450; x_wconf 88' lang='lat' dir='ltr'><strong>Iotapen</strong></span> <span class='ocrx_word' id='word_1_204' title='bbox 552 2364 803 2450; x_wconf 88' lang='lat' dir='ltr'><strong>Sampsigerami</strong></span> <span class='ocrx_word' id='word_1_205' title='bbox 819 2365 905 2446; x_wconf 88' lang='lat' dir='ltr'><strong>regis</strong></span> <span class='ocrx_word' id='word_1_206' title='bbox 921 2364 1155 2428; x_wconf 83' lang='lat' dir='ltr'><strong>Emesenorum</strong></span> <span class='ocrx_word' id='word_1_207' title='bbox 1178 2362 1276 2428; x_wconf 84' lang='lat' dir='ltr'><strong>liliam</strong></span> <span class='ocrx_word' id='word_1_208' title='bbox 1293 2363 1327 2428; x_wconf 92' lang='lat' dir='ltr'><strong>in</strong></span> <span class='ocrx_word' id='word_1_209' title='bbox 1343 2365 1583 2428; x_wconf 87' lang='lat' dir='ltr'><strong>matrimonium</strong></span> <span class='ocrx_word' id='word_1_210' title='bbox 1598 2363 1694 2428; x_wconf 85' lang='lat' dir='ltr'><strong>duxit</strong></span> 
     </span>
     <span class='ocr_line' id='line_1_21' title="bbox 400 2464 1692 2552; baseline 0 -22"><span class='ocrx_word' id='word_1_211' title='bbox 400 2465 442 2531; x_wconf 86' lang='lat' dir='ltr'><strong>id.</strong></span> <span class='ocrx_word' id='word_1_212' title='bbox 476 2471 541 2532; x_wconf 83' lang='lat' dir='ltr'><strong>nat.</strong></span> <span class='ocrx_word' id='word_1_213' title='bbox 564 2470 614 2543; x_wconf 88' lang='grc'><strong>18,</strong></span> <span class='ocrx_word' id='word_1_214' title='bbox 630 2470 659 2542; x_wconf 89' lang='grc'><strong>5,</strong></span> <span class='ocrx_word' id='word_1_215' title='bbox 676 2471 705 2530; x_wconf 90' lang='grc'><strong>4.</strong></span> <span class='ocrx_word' id='word_1_216' title='bbox 753 2466 996 2552; x_wconf 86' lang='lat' dir='ltr'><strong>(Pomponium)</strong></span> <span class='ocrx_word' id='word_1_217' title='bbox 1021 2465 1177 2531; x_wconf 85' lang='lat' dir='ltr'><strong>Flaccum</strong></span> <span class='ocrx_word' id='word_1_218' title='bbox 1206 2464 1348 2550; x_wconf 87' lang='lat' dir='ltr'><strong>legatum</strong></span> <span class='ocrx_word' id='word_1_219' title='bbox 1380 2466 1496 2552; x_wconf 85' lang='lat' dir='ltr'><strong>Syriae</strong></span> <span class='ocrx_word' id='word_1_220' title='bbox 1525 2465 1692 2551; x_wconf 88' lang='lat' dir='ltr'><strong>Agrippae</strong></span> 
     </span>
     <span class='ocr_line' id='line_1_22' title="bbox 400 2568 1692 2654; baseline -0.002 -20"><span class='ocrx_word' id='word_1_221' title='bbox 400 2570 493 2635; x_wconf 89' lang='lat' dir='ltr'><strong>fratri</strong></span> <span class='ocrx_word' id='word_1_222' title='bbox 516 2569 677 2633; x_wconf 89' lang='lat' dir='ltr'><strong>infensum</strong></span> <span class='ocrx_word' id='word_1_223' title='bbox 700 2568 841 2633; x_wconf 84' lang='lat' dir='ltr'><strong>reddidit</strong></span> <span class='ocrx_word' id='word_1_224' title='bbox 863 2569 906 2634; x_wconf 87' lang='lat' dir='ltr'><strong>id.</strong></span> <span class='ocrx_word' id='word_1_225' title='bbox 929 2574 994 2634; x_wconf 83' lang='lat' dir='ltr'><strong>cat.</strong></span> <span class='ocrx_word' id='word_1_226' title='bbox 1017 2572 1069 2646; x_wconf 92' lang='grc'><strong>18,</strong></span> <span class='ocrx_word' id='word_1_227' title='bbox 1086 2575 1115 2646; x_wconf 90' lang='grc'><em>6,</em></span> <span class='ocrx_word' id='word_1_228' title='bbox 1129 2574 1161 2637; x_wconf 87' lang='grc'><strong>3.</strong></span> <span class='ocrx_word' id='word_1_229' title='bbox 1196 2568 1237 2634; x_wconf 91' lang='lat' dir='ltr'><strong>A.</strong></span> <span class='ocrx_word' id='word_1_230' title='bbox 1258 2569 1300 2634; x_wconf 90' lang='grc'><em>40</em></span> <span class='ocrx_word' id='word_1_231' title='bbox 1330 2568 1417 2654; x_wconf 89' lang='lat' dir='ltr'><strong>apud</strong></span> <span class='ocrx_word' id='word_1_232' title='bbox 1443 2570 1480 2634; x_wconf 87' lang='lat' dir='ltr'><strong>P.</strong></span> <span class='ocrx_word' id='word_1_233' title='bbox 1503 2569 1692 2634; x_wconf 88' lang='lat' dir='ltr'><strong>Petronium</strong></span> 
     </span>
     <span class='ocr_line' id='line_1_23' title="bbox 399 2671 1691 2759; baseline 0 -23"><span class='ocrx_word' id='word_1_234' title='bbox 399 2671 541 2754; x_wconf 88' lang='lat' dir='ltr'><strong>legatum</strong></span> <span class='ocrx_word' id='word_1_235' title='bbox 568 2673 683 2756; x_wconf 79' lang='lat' dir='ltr'><strong>Syriae</strong></span> <span class='ocrx_word' id='word_1_236' title='bbox 714 2693 787 2736; x_wconf 90' lang='lat' dir='ltr'><strong>cum</strong></span> <span class='ocrx_word' id='word_1_237' title='bbox 816 2671 888 2736; x_wconf 91' lang='lat' dir='ltr'><strong>aliis</strong></span> <span class='ocrx_word' id='word_1_238' title='bbox 910 2672 1039 2736; x_wconf 86' lang='lat' dir='ltr'><strong>Iudaeis</strong></span> <span class='ocrx_word' id='word_1_239' title='bbox 1070 2671 1263 2759; x_wconf 87' lang='lat' dir='ltr'><strong>deprecatus</strong></span> <span class='ocrx_word' id='word_1_240' title='bbox 1286 2681 1349 2754; x_wconf 89' lang='lat' dir='ltr'><strong>cst,</strong></span> <span class='ocrx_word' id='word_1_241' title='bbox 1380 2693 1424 2736; x_wconf 91' lang='lat' dir='ltr'><strong>ne</strong></span> <span class='ocrx_word' id='word_1_242' title='bbox 1445 2681 1553 2738; x_wconf 85' lang='lat' dir='ltr'><strong>statua</strong></span> <span class='ocrx_word' id='word_1_243' title='bbox 1575 2671 1637 2739; x_wconf 84' lang='lat' dir='ltr'><strong>Gai</strong></span> <span class='ocrx_word' id='word_1_244' title='bbox 1659 2671 1691 2736; x_wconf 92' lang='lat' dir='ltr'><strong>in</strong></span> 
     </span>
     <span class='ocr_line' id='line_1_24' title="bbox 402 2772 1694 2861; baseline -0.002 -21"><span class='ocrx_word' id='word_1_245' title='bbox 402 2774 520 2860; x_wconf 89' lang='lat' dir='ltr'><strong>templo</strong></span> <span class='ocrx_word' id='word_1_246' title='bbox 551 2772 846 2859; x_wconf 87' lang='lat' dir='ltr'><strong>Hierosolymitano</strong></span> <span class='ocrx_word' id='word_1_247' title='bbox 877 2785 1051 2861; x_wconf 86' lang='lat' dir='ltr'><strong>poneretur</strong></span> <span class='ocrx_word' id='word_1_248' title='bbox 1080 2775 1123 2840; x_wconf 82' lang='lat' dir='ltr'><strong>id.</strong></span> <span class='ocrx_word' id='word_1_249' title='bbox 1148 2780 1214 2840; x_wconf 82' lang='lat' dir='ltr'><strong>ant.</strong></span> <span class='ocrx_word' id='word_1_250' title='bbox 1237 2779 1287 2852; x_wconf 93' lang='grc'><strong>18,</strong></span> <span class='ocrx_word' id='word_1_251' title='bbox 1311 2779 1340 2853; x_wconf 89' lang='grc'><strong>8,</strong></span> <span class='ocrx_word' id='word_1_252' title='bbox 1356 2781 1386 2840; x_wconf 92' lang='grc'><strong>4.</strong></span> <span class='ocrx_word' id='word_1_253' title='bbox 1431 2775 1584 2840; x_wconf 87' lang='lat' dir='ltr'><strong>Privatus</strong></span> <span class='ocrx_word' id='word_1_254' title='bbox 1614 2773 1694 2839; x_wconf 93' lang='lat' dir='ltr'><strong>obiit</strong></span> 
     </span>
     <span class='ocr_line' id='line_1_25' title="bbox 401 2876 1175 2966; baseline -0.001 -23"><span class='ocrx_word' id='word_1_255' title='bbox 401 2878 513 2966; x_wconf 89' lang='lat' dir='ltr'><strong>Iotape</strong></span> <span class='ocrx_word' id='word_1_256' title='bbox 537 2877 603 2942; x_wconf 89' lang='lat' dir='ltr'><strong>filia</strong></span> <span class='ocrx_word' id='word_1_257' title='bbox 627 2877 726 2943; x_wconf 89' lang='lat' dir='ltr'><strong>surda</strong></span> <span class='ocrx_word' id='word_1_258' title='bbox 745 2876 859 2942; x_wconf 90' lang='lat' dir='ltr'><strong>relicta</strong></span> <span class='ocrx_word' id='word_1_259' title='bbox 879 2877 922 2942; x_wconf 81' lang='lat' dir='ltr'><strong>id.</strong></span> <span class='ocrx_word' id='word_1_260' title='bbox 947 2877 1018 2942; x_wconf 83' lang='lat' dir='ltr'><strong>bell.</strong></span> <span class='ocrx_word' id='word_1_261' title='bbox 1033 2883 1066 2955; x_wconf 92' lang='grc'><em>2,</em></span> <span class='ocrx_word' id='word_1_262' title='bbox 1082 2883 1131 2954; x_wconf 90' lang='grc'><strong>11,</strong></span> <span class='ocrx_word' id='word_1_263' title='bbox 1147 2885 1175 2942; x_wconf 89' lang='grc'><strong>6.</strong></span> 
     </span>
    </p>

    <p class='ocr_par' dir='ltr' id='par_1_5' title="bbox 337 2979 1695 3778">
     <span class='ocr_line' id='line_1_26' title="bbox 337 2979 1692 3067; baseline -0.001 -21"><span class='ocrx_word' id='word_1_264' title='bbox 337 2983 401 3046; x_wconf 87' lang='grc'><em>864</em></span> <span class='ocrx_word' id='word_1_265' title='bbox 424 2979 641 3064; x_wconf 90' lang='lat' dir='ltr'><strong>Aristobulus,</strong></span> <span class='ocrx_word' id='word_1_266' title='bbox 657 2979 742 3046; x_wconf 87' lang='lat' dir='ltr'><strong>filius</strong></span> <span class='ocrx_word' id='word_1_267' title='bbox 757 2980 899 3045; x_wconf 89' lang='lat' dir='ltr'><strong>Herodis</strong></span> <span class='ocrx_word' id='word_1_268' title='bbox 915 2983 1001 3064; x_wconf 88' lang='lat' dir='ltr'><strong>regis</strong></span> <span class='ocrx_word' id='word_1_269' title='bbox 1017 2979 1181 3047; x_wconf 78' lang='lat' dir='ltr'><strong>Chalcidis</strong></span> <span class='ocrx_word' id='word_1_270' title='bbox 1197 3003 1238 3045; x_wconf 83' lang='lat' dir='ltr'><strong>ex</strong></span> <span class='ocrx_word' id='word_1_271' title='bbox 1255 3003 1357 3046; x_wconf 87' lang='lat' dir='ltr'><strong>uxore</strong></span> <span class='ocrx_word' id='word_1_272' title='bbox 1371 2981 1480 3067; x_wconf 90' lang='lat' dir='ltr'><strong>priore</strong></span> <span class='ocrx_word' id='word_1_273' title='bbox 1494 2980 1692 3065; x_wconf 85' lang='lat' dir='ltr'><strong>Mariamme,</strong></span> 
     </span>
     <span class='ocr_line' id='line_1_27' title="bbox 403 3083 1691 3170; baseline 0.001 -22"><span class='ocrx_word' id='word_1_274' title='bbox 403 3106 502 3169; x_wconf 88' lang='lat' dir='ltr'><strong>nepos</strong></span> <span class='ocrx_word' id='word_1_275' title='bbox 525 3083 703 3148; x_wconf 88' lang='lat' dir='ltr'><strong>Aristobuli</strong></span> <span class='ocrx_word' id='word_1_276' title='bbox 727 3083 770 3168; x_wconf 86' lang='lat' dir='ltr'><strong>(a.</strong></span> <span class='ocrx_word' id='word_1_277' title='bbox 785 3083 871 3170; x_wconf 92' lang='grc'><em>862),</em></span> <span class='ocrx_word' id='word_1_278' title='bbox 897 3105 1056 3170; x_wconf 89' lang='lat' dir='ltr'><strong>pronepos</strong></span> <span class='ocrx_word' id='word_1_279' title='bbox 1077 3084 1219 3149; x_wconf 86' lang='lat' dir='ltr'><strong>Herodis</strong></span> <span class='ocrx_word' id='word_1_280' title='bbox 1242 3084 1355 3168; x_wconf 87' lang='lat' dir='ltr'><strong>Magni</strong></span> <span class='ocrx_word' id='word_1_281' title='bbox 1377 3083 1501 3166; x_wconf 74' lang='lat' dir='ltr'><strong>Ioseph.</strong></span> <span class='ocrx_word' id='word_1_282' title='bbox 1518 3089 1583 3151; x_wconf 78' lang='lat' dir='ltr'><strong>ant.</strong></span> <span class='ocrx_word' id='word_1_283' title='bbox 1599 3087 1648 3160; x_wconf 90' lang='grc'><strong>18,</strong></span> <span class='ocrx_word' id='word_1_284' title='bbox 1662 3089 1691 3161; x_wconf 89' lang='grc'><em>5,</em></span> 
     </span>
     <span class='ocr_line' id='line_1_28' title="bbox 403 3185 1693 3270; baseline -0.002 -18"><span class='ocrx_word' id='word_1_285' title='bbox 403 3193 441 3265; x_wconf 87' lang='grc'><strong>4,·</strong></span> <span class='ocrx_word' id='word_1_286' title='bbox 462 3193 514 3262; x_wconf 91' lang='grc'><strong>20,</strong></span> <span class='ocrx_word' id='word_1_287' title='bbox 532 3191 561 3264; x_wconf 88' lang='grc'><em>5,</em></span> <span class='ocrx_word' id='word_1_288' title='bbox 577 3192 609 3264; x_wconf 92' lang='grc'><em>2,</em></span> <span class='ocrx_word' id='word_1_289' title='bbox 635 3187 751 3270; x_wconf 74' lang='lat' dir='ltr'><strong>betta,</strong></span> <span class='ocrx_word' id='word_1_290' title='bbox 767 3192 817 3264; x_wconf 83' lang='lat'><strong>11,</strong></span> <span class='ocrx_word' id='word_1_291' title='bbox 834 3192 863 3253; x_wconf 91' lang='grc'><strong>6.</strong></span> <span class='ocrx_word' id='word_1_292' title='bbox 900 3186 1050 3252; x_wconf 88' lang='lat' dir='ltr'><strong>Salomen</strong></span> <span class='ocrx_word' id='word_1_293' title='bbox 1077 3186 1176 3252; x_wconf 88' lang='lat' dir='ltr'><strong>filiam</strong></span> <span class='ocrx_word' id='word_1_294' title='bbox 1199 3185 1396 3252; x_wconf 86' lang='lat' dir='ltr'><strong>Herodiadis</strong></span> <span class='ocrx_word' id='word_1_295' title='bbox 1419 3196 1451 3251; x_wconf 90' lang='lat' dir='ltr'><strong>et</strong></span> <span class='ocrx_word' id='word_1_296' title='bbox 1472 3186 1613 3251; x_wconf 88' lang='lat' dir='ltr'><strong>Herodis</strong></span> <span class='ocrx_word' id='word_1_297' title='bbox 1635 3185 1693 3251; x_wconf 89' lang='lat' dir='ltr'><strong>filii</strong></span> 
     </span>
     <span class='ocr_line' id='line_1_29' title="bbox 403 3288 1693 3376; baseline -0.001 -22"><span class='ocrx_word' id='word_1_298' title='bbox 403 3289 544 3354; x_wconf 89' lang='lat' dir='ltr'><strong>Herodis</strong></span> <span class='ocrx_word' id='word_1_299' title='bbox 567 3290 689 3372; x_wconf 88' lang='lat' dir='ltr'><strong>Magni,</strong></span> <span class='ocrx_word' id='word_1_300' title='bbox 713 3312 797 3375; x_wconf 88' lang='lat' dir='ltr'><strong>quae</strong></span> <span class='ocrx_word' id='word_1_301' title='bbox 819 3299 922 3375; x_wconf 87' lang='lat' dir='ltr'><strong>nupta</strong></span> <span class='ocrx_word' id='word_1_302' title='bbox 944 3288 1051 3355; x_wconf 85' lang='lat' dir='ltr'><strong>fuerat</strong></span> <span class='ocrx_word' id='word_1_303' title='bbox 1073 3289 1226 3376; x_wconf 92' lang='lat' dir='ltr'><strong>Philippo</strong></span> <span class='ocrx_word' id='word_1_304' title='bbox 1249 3289 1430 3354; x_wconf 86' lang='lat' dir='ltr'><strong>tetrarchae</strong></span> <span class='ocrx_word' id='word_1_305' title='bbox 1444 3288 1693 3370; x_wconf 89' lang='lat' dir='ltr'><strong>Trachonitidis,</strong></span> 
     </span>
     <span class='ocr_line' id='line_1_30' title="bbox 403 3388 1694 3481; baseline 0 -23"><span class='ocrx_word' id='word_1_306' title='bbox 403 3405 476 3481; x_wconf 89' lang='lat' dir='ltr'><strong>post</strong></span> <span class='ocrx_word' id='word_1_307' title='bbox 504 3403 638 3456; x_wconf 86' lang='lat' dir='ltr'><strong>mortem</strong></span> <span class='ocrx_word' id='word_1_308' title='bbox 670 3394 777 3458; x_wconf 87' lang='lat' dir='ltr'><strong>mariti</strong></span> <span class='ocrx_word' id='word_1_309' title='bbox 806 3414 943 3457; x_wconf 85' lang='lat' dir='ltr'><strong>uxorem</strong></span> <span class='ocrx_word' id='word_1_310' title='bbox 971 3393 1067 3457; x_wconf 88' lang='lat' dir='ltr'><strong>duxit</strong></span> <span class='ocrx_word' id='word_1_311' title='bbox 1094 3393 1135 3458; x_wconf 85' lang='lat' dir='ltr'><strong>id.</strong></span> <span class='ocrx_word' id='word_1_312' title='bbox 1160 3397 1225 3458; x_wconf 84' lang='lat' dir='ltr'><strong>cat.</strong></span> <span class='ocrx_word' id='word_1_313' title='bbox 1248 3397 1298 3470; x_wconf 93' lang='grc'><strong>18,</strong></span> <span class='ocrx_word' id='word_1_314' title='bbox 1312 3397 1342 3469; x_wconf 91' lang='grc'><strong>5,</strong></span> <span class='ocrx_word' id='word_1_315' title='bbox 1356 3397 1388 3457; x_wconf 85' lang='grc'><strong>4.</strong></span> <span class='ocrx_word' id='word_1_316' title='bbox 1426 3388 1521 3456; x_wconf 89' lang='lat' dir='ltr'><strong>Anno</strong></span> <span class='ocrx_word' id='word_1_317' title='bbox 1545 3394 1586 3458; x_wconf 87' lang='grc'><strong>54</strong></span> <span class='ocrx_word' id='word_1_318' title='bbox 1608 3393 1694 3458; x_wconf 89' lang='lat' dir='ltr'><strong>Nero</strong></span> 
     </span>
     <span class='ocr_line' id='line_1_31' title="bbox 404 3495 1695 3579; baseline -0.002 -18"><span class='ocrx_word' id='word_1_319' title='bbox 404 3499 559 3562; x_wconf 87' lang='lat' dir='ltr'><strong>minorem</strong></span> <span class='ocrx_word' id='word_1_320' title='bbox 581 3495 769 3561; x_wconf 86' lang='lat' dir='ltr'><strong>Armeniam</strong></span> <span class='ocrx_word' id='word_1_321' title='bbox 792 3497 821 3560; x_wconf 93' lang='lat' dir='ltr'><strong>ei</strong></span> <span class='ocrx_word' id='word_1_322' title='bbox 845 3518 917 3560; x_wconf 91' lang='lat' dir='ltr'><strong>cum</strong></span> <span class='ocrx_word' id='word_1_323' title='bbox 941 3496 1122 3578; x_wconf 85' lang='lat' dir='ltr'><strong>insignibus</strong></span> <span class='ocrx_word' id='word_1_324' title='bbox 1144 3497 1242 3579; x_wconf 88' lang='lat' dir='ltr'><strong>regiis</strong></span> <span class='ocrx_word' id='word_1_325' title='bbox 1263 3495 1431 3560; x_wconf 86' lang='lat' dir='ltr'><strong>mandavit</strong></span> <span class='ocrx_word' id='word_1_326' title='bbox 1458 3496 1530 3561; x_wconf 86' lang='lat' dir='ltr'><strong>Tac.</strong></span> <span class='ocrx_word' id='word_1_327' title='bbox 1554 3518 1585 3562; x_wconf 90' lang='grc' dir='ltr'><strong>α.</strong></span> <span class='ocrx_word' id='word_1_328' title='bbox 1599 3501 1648 3572; x_wconf 88' lang='grc'><strong>13,</strong></span> <span class='ocrx_word' id='word_1_329' title='bbox 1666 3501 1695 3574; x_wconf 93' lang='grc'><strong>7,</strong></span> 
     </span>
     <span class='ocr_line' id='line_1_32' title="bbox 403 3597 1695 3686; baseline -0.002 -22"><span class='ocrx_word' id='word_1_330' title='bbox 403 3597 526 3680; x_wconf 78' lang='lat' dir='ltr'><strong>Ioseph.</strong></span> <span class='ocrx_word' id='word_1_331' title='bbox 550 3605 615 3686; x_wconf 81' lang='lat' dir='ltr'><strong>oni.</strong></span> <span class='ocrx_word' id='word_1_332' title='bbox 637 3607 689 3676; x_wconf 87' lang='grc'><strong>20,</strong></span> <span class='ocrx_word' id='word_1_333' title='bbox 706 3604 736 3677; x_wconf 90' lang='grc'><strong>8,</strong></span> <span class='ocrx_word' id='word_1_334' title='bbox 752 3605 781 3675; x_wconf 87' lang='grc'><strong>4,</strong></span> <span class='ocrx_word' id='word_1_335' title='bbox 806 3598 924 3675; x_wconf 77' lang='lat' dir='ltr'><strong>betta,</strong></span> <span class='ocrx_word' id='word_1_336' title='bbox 941 3605 990 3676; x_wconf 85' lang='grc'><strong>13,</strong></span> <span class='ocrx_word' id='word_1_337' title='bbox 1006 3607 1039 3666; x_wconf 89' lang='grc'><strong>2.</strong></span> <span class='ocrx_word' id='word_1_338' title='bbox 1062 3599 1158 3664; x_wconf 89' lang='lat' dir='ltr'><strong>Anno</strong></span> <span class='ocrx_word' id='word_1_339' title='bbox 1181 3601 1223 3664; x_wconf 91' lang='lat'><strong>60</strong></span> <span class='ocrx_word' id='word_1_340' title='bbox 1244 3621 1320 3686; x_wconf 88' lang='lat' dir='ltr'><strong>pars</strong></span> <span class='ocrx_word' id='word_1_341' title='bbox 1340 3598 1514 3664; x_wconf 89' lang='lat' dir='ltr'><strong>Armeniae</strong></span> <span class='ocrx_word' id='word_1_342' title='bbox 1537 3599 1695 3682; x_wconf 90' lang='lat' dir='ltr'><strong>(maioris)</strong></span> 
     </span>
     <span class='ocr_line' id='line_1_33' title="bbox 404 3702 979 3778; baseline 0.003 -14"><span class='ocrx_word' id='word_1_343' title='bbox 404 3703 432 3765; x_wconf 90' lang='lat' dir='ltr'><strong>ei</strong></span> <span class='ocrx_word' id='word_1_344' title='bbox 455 3724 608 3766; x_wconf 88' lang='lat' dir='ltr'><strong>conccssa</strong></span> <span class='ocrx_word' id='word_1_345' title='bbox 630 3711 678 3766; x_wconf 89' lang='grc'><strong>661</strong></span> <span class='ocrx_word' id='word_1_346' title='bbox 703 3702 778 3766; x_wconf 80' lang='lat' dir='ltr'><strong>Tuo.</strong></span> <span class='ocrx_word' id='word_1_347' title='bbox 802 3723 833 3766; x_wconf 84' lang='lat' dir='ltr'><strong>a.</strong></span> <span class='ocrx_word' id='word_1_348' title='bbox 856 3706 906 3778; x_wconf 89' lang='lat'><strong>14,</strong></span> <span class='ocrx_word' id='word_1_349' title='bbox 925 3707 979 3768; x_wconf 87' lang='grc'><strong>26.</strong></span> 
     </span>
    </p>

    <p class='ocr_par' dir='ltr' id='par_1_6' title="bbox 403 3801 1697 4403">
     <span class='ocr_line' id='line_1_34' title="bbox 467 3801 1694 3890; baseline 0 -21"><span class='ocrx_word' id='word_1_350' title='bbox 467 3805 556 3869; x_wconf 82' lang='lat' dir='ltr'><strong>Idem</strong></span> <span class='ocrx_word' id='word_1_351' title='bbox 577 3803 699 3867; x_wconf 77' lang='lat' dir='ltr'><strong>cicietur</strong></span> <span class='ocrx_word' id='word_1_352' title='bbox 715 3801 923 3867; x_wconf 86' lang='lat' dir='ltr'><strong>Aristobulus</strong></span> <span class='ocrx_word' id='word_1_353' title='bbox 944 3825 1003 3866; x_wconf 86' lang='lat' dir='ltr'><strong>rex</strong></span> <span class='ocrx_word' id='word_1_354' title='bbox 1019 3802 1221 3869; x_wconf 81' lang='lat' dir='ltr'><strong>Chalcidicas</strong></span> <span class='ocrx_word' id='word_1_355' title='bbox 1240 3814 1346 3870; x_wconf 86' lang='lat' dir='ltr'><strong>aetate</strong></span> <span class='ocrx_word' id='word_1_356' title='bbox 1360 3805 1553 3890; x_wconf 86' lang='lat' dir='ltr'><strong>Vespasiani</strong></span> <span class='ocrx_word' id='word_1_357' title='bbox 1570 3805 1694 3888; x_wconf 81' lang='lat' dir='ltr'><strong>Ioseph.</strong></span> 
     </span>
     <span class='ocr_line' id='line_1_35' title="bbox 404 3905 1696 3991; baseline 0.001 -20"><span class='ocrx_word' id='word_1_358' title='bbox 404 3908 473 3974; x_wconf 83' lang='lat' dir='ltr'><strong>boll.</strong></span> <span class='ocrx_word' id='word_1_359' title='bbox 491 3912 519 3983; x_wconf 90' lang='grc'><strong>7,</strong></span> <span class='ocrx_word' id='word_1_360' title='bbox 537 3911 600 3982; x_wconf 89' lang='grc'><strong>7,1</strong></span> <span class='ocrx_word' id='word_1_361' title='bbox 624 3907 678 3988; x_wconf 81' lang='lat' dir='ltr'><strong>(cf.</strong></span> <span class='ocrx_word' id='word_1_362' title='bbox 695 3905 843 3983; x_wconf 72' lang='lat' dir='ltr'><strong>Sabatrcr,</strong></span> <span class='ocrx_word' id='word_1_363' title='bbox 869 3905 1052 3972; x_wconf 83' lang='lat' dir='ltr'><strong>Gcscbichtc</strong></span> <span class='ocrx_word' id='word_1_364' title='bbox 1075 3906 1128 3971; x_wconf 84' lang='lat' dir='ltr'><strong>des</strong></span> <span class='ocrx_word' id='word_1_365' title='bbox 1144 3907 1312 3990; x_wconf 70' lang='grc' dir='ltr'><em>6161ιὶ66666</em></span> <span class='ocrx_word' id='word_1_366' title='bbox 1335 3907 1445 3972; x_wconf 82' lang='lat' dir='ltr'><strong>Valles</strong></span> <span class='ocrx_word' id='word_1_367' title='bbox 1459 3909 1484 3972; x_wconf 91' lang='lat' dir='ltr'><strong><em>I</em></strong></span> <span class='ocrx_word' id='word_1_368' title='bbox 1493 3930 1528 3990; x_wconf 87' lang='lat' dir='ltr'><strong>p.</strong></span> <span class='ocrx_word' id='word_1_369' title='bbox 1545 3908 1629 3991; x_wconf 88' lang='lat'><strong>607),</strong></span> <span class='ocrx_word' id='word_1_370' title='bbox 1653 3907 1696 3972; x_wconf 84' lang='lat' dir='ltr'><strong>nd</strong></span> 
     </span>
     <span class='ocr_line' id='line_1_36' title="bbox 403 4007 1695 4101; baseline 0.002 -27"><span class='ocrx_word' id='word_1_371' title='bbox 403 4032 492 4094; x_wconf 80' lang='grc'><em>66666</em></span> <span class='ocrx_word' id='word_1_372' title='bbox 507 4011 648 4092; x_wconf 75' lang='lat' dir='ltr'><strong>pertinet</strong></span> <span class='ocrx_word' id='word_1_373' title='bbox 669 4031 814 4075; x_wconf 75' lang='grc'><em>66666666</em></span> <span class='ocrx_word' id='word_1_374' title='bbox 835 4013 870 4075; x_wconf 83' lang='lat' dir='ltr'><strong>ia</strong></span> <span class='ocrx_word' id='word_1_375' title='bbox 885 4016 983 4093; x_wconf 80' lang='grc'><em>66616</em></span> <span class='ocrx_word' id='word_1_376' title='bbox 1006 4010 1139 4076; x_wconf 80' lang='lat' dir='ltr'><strong>advorso</strong></span> <span class='ocrx_word' id='word_1_377' title='bbox 1155 4011 1302 4076; x_wconf 74' lang='lat' dir='ltr'><strong>exhibeas</strong></span> <span class='ocrx_word' id='word_1_378' title='bbox 1318 4012 1462 4098; x_wconf 85' lang='grc' dir='ltr'>βασιλέως</span> <span class='ocrx_word' id='word_1_379' title='bbox 1478 4007 1695 4101; x_wconf 72' lang='grc' dir='ltr'>Ἀριστοβούλου</span> 
     </span>
     <span class='ocr_line' id='line_1_37' title="bbox 404 4111 1696 4199; baseline 0.002 -21"><span class='ocrx_word' id='word_1_380' title='bbox 404 4115 446 4178; x_wconf 84' lang='grc' dir='ltr'><strong>ἐτ.</strong></span> <span class='ocrx_word' id='word_1_381' title='bbox 463 4111 510 4190; x_wconf 73' lang='grc' dir='ltr'><em>ιζ’,</em></span> <span class='ocrx_word' id='word_1_382' title='bbox 532 4113 567 4176; x_wconf 82' lang='lat' dir='ltr'><strong>ia</strong></span> <span class='ocrx_word' id='word_1_383' title='bbox 589 4132 701 4176; x_wconf 78' lang='grc'><em>666666</em></span> <span class='ocrx_word' id='word_1_384' title='bbox 720 4111 797 4177; x_wconf 75' lang='lat' dir='ltr'><strong>liro»</strong></span> <span class='ocrx_word' id='word_1_385' title='bbox 821 4113 1034 4179; x_wconf 62' lang='grc' dir='ltr'>Οὐεσπασιανοῦ</span> <span class='ocrx_word' id='word_1_386' title='bbox 1058 4114 1248 4199; x_wconf 81' lang='grc' dir='ltr'>αὐτοκράτορι</span> <span class='ocrx_word' id='word_1_387' title='bbox 1271 4115 1405 4199; x_wconf 80' lang='grc' dir='ltr'>σεβαστῶ</span> <span class='ocrx_word' id='word_1_388' title='bbox 1426 4113 1696 4197; x_wconf 73' lang='grc'><em>668661661116-</em></span> 
     </span>
     <span class='ocr_line' id='line_1_38' title="bbox 405 4213 1697 4299; baseline 0.002 -19"><span class='ocrx_word' id='word_1_389' title='bbox 405 4216 512 4298; x_wconf 78' lang='grc'><em>166666</em></span> <span class='ocrx_word' id='word_1_390' title='bbox 529 4213 566 4278; x_wconf 85' lang='lat' dir='ltr'><strong>dc</strong></span> <span class='ocrx_word' id='word_1_391' title='bbox 582 4213 836 4296; x_wconf 76' lang='lat' dir='ltr'><strong>Naaa&#39;smaliqac</strong></span> <span class='ocrx_word' id='word_1_392' title='bbox 855 4215 922 4278; x_wconf 89' lang='grc' dir='ltr'><strong>ΙΙΙ</strong></span> <span class='ocrx_word' id='word_1_393' title='bbox 931 4237 967 4298; x_wconf 79' lang='lat' dir='ltr'><strong>p.</strong></span> <span class='ocrx_word' id='word_1_394' title='bbox 982 4219 1044 4280; x_wconf 89' lang='grc'><strong>330</strong></span> <span class='ocrx_word' id='word_1_395' title='bbox 1061 4235 1135 4296; x_wconf 73' lang='lat' dir='ltr'><strong>sqq,</strong></span> <span class='ocrx_word' id='word_1_396' title='bbox 1159 4213 1305 4278; x_wconf 84' lang='lat' dir='ltr'><strong>Babcloa</strong></span> <span class='ocrx_word' id='word_1_397' title='bbox 1326 4213 1434 4279; x_wconf 70' lang='lat' dir='ltr'><strong>Raso</strong></span> <span class='ocrx_word' id='word_1_398' title='bbox 1454 4216 1697 4299; x_wconf 75' lang='lat' dir='ltr'><strong>ammismatiquc</strong></span> 
     </span>
     <span class='ocr_line' id='line_1_39' title="bbox 406 4316 1695 4403; baseline 0.002 -20"><span class='ocrx_word' id='word_1_399' title='bbox 406 4321 488 4383; x_wconf 90' lang='grc'><em>1883</em></span> <span class='ocrx_word' id='word_1_400' title='bbox 501 4339 537 4399; x_wconf 83' lang='lat' dir='ltr'><strong>p.</strong></span> <span class='ocrx_word' id='word_1_401' title='bbox 554 4321 622 4392; x_wconf 87' lang='lat'><strong>145,</strong></span> <span class='ocrx_word' id='word_1_402' title='bbox 645 4316 931 4399; x_wconf 63' lang='lat' dir='ltr'><strong>Jaeooostmoaar,</strong></span> <span class='ocrx_word' id='word_1_403' title='bbox 956 4317 1184 4400; x_wconf 74' lang='lat' dir='ltr'><strong>Portrdllcdpfc</strong></span> <span class='ocrx_word' id='word_1_404' title='bbox 1207 4318 1271 4399; x_wconf 77' lang='lat' dir='ltr'><strong>auf</strong></span> <span class='ocrx_word' id='word_1_405' title='bbox 1287 4318 1416 4383; x_wconf 73' lang='lat' dir='ltr'><strong>antidea</strong></span> <span class='ocrx_word' id='word_1_406' title='bbox 1438 4318 1695 4403; x_wconf 72' lang='grc'><em>1166666661.</em></span> 
     </span>
    </p>

    <p class='ocr_par' dir='ltr' id='par_1_7' title="bbox 351 4428 903 4486">
     <span class='ocr_line' id='line_1_40' title="bbox 351 4428 903 4486; baseline 0.007 -4"><span class='ocrx_word' id='word_1_407' title='bbox 351 4457 394 4466; x_wconf 92' lang='lat'><strong>-—</strong></span> <span class='ocrx_word' id='word_1_408' title='bbox 426 4428 613 4484; x_wconf 85' lang='lat' dir='ltr'><strong>AVRELIVS</strong></span> <span class='ocrx_word' id='word_1_409' title='bbox 637 4429 903 4486; x_wconf 85' lang='lat' dir='ltr'><strong>ARISTOBVLVS.</strong></span> 
     </span>
    </p>

    <p class='ocr_par' dir='ltr' id='par_1_8' title="bbox 351 4531 878 4590">
     <span class='ocr_line' id='line_1_41' title="bbox 351 4531 878 4590; baseline 0.008 -4"><span class='ocrx_word' id='word_1_410' title='bbox 351 4561 394 4569; x_wconf 93' lang='lat'>—</span> <span class='ocrx_word' id='word_1_411' title='bbox 428 4531 613 4587; x_wconf 82' lang='lat' dir='ltr'><strong>CLAVDIVS</strong></span> <span class='ocrx_word' id='word_1_412' title='bbox 636 4531 878 4590; x_wconf 83' lang='lat' dir='ltr'><strong>ARISTOCLES.</strong></span> 
     </span>
    </p>

    <p class='ocr_par' dir='ltr' id='par_1_9' title="bbox 351 4623 846 4690">
     <span class='ocr_line' id='line_1_42' title="bbox 351 4623 846 4690; baseline -0.002 0"><span class='ocrx_word' id='word_1_413' title='bbox 351 4663 394 4671; x_wconf 95' lang='lat'>—</span> <span class='ocrx_word' id='word_1_414' title='bbox 427 4625 600 4690; x_wconf 87' lang='lat' dir='ltr'><strong>Petronius</strong></span> <span class='ocrx_word' id='word_1_415' title='bbox 619 4623 846 4690; x_wconf 89' lang='lat' dir='ltr'><strong>Aristocrates.</strong></span> 
     </span>
    </p>

    <p class='ocr_par' dir='ltr' id='par_1_10' title="bbox 342 4726 1697 4820">
     <span class='ocr_line' id='line_1_43' title="bbox 342 4726 1697 4820; baseline 0.005 -28"><span class='ocrx_word' id='word_1_416' title='bbox 342 4728 405 4792; x_wconf 88' lang='grc'><strong>865</strong></span> <span class='ocrx_word' id='word_1_417' title='bbox 427 4726 682 4811; x_wconf 85' lang='lat' dir='ltr'><strong>Aristomachus,</strong></span> <span class='ocrx_word' id='word_1_418' title='bbox 698 4728 846 4793; x_wconf 87' lang='lat' dir='ltr'><strong>tribunus</strong></span> <span class='ocrx_word' id='word_1_419' title='bbox 856 4730 1133 4814; x_wconf 87' lang='lat' dir='ltr'><strong>praetorianorum</strong></span> <span class='ocrx_word' id='word_1_420' title='bbox 1144 4729 1204 4795; x_wconf 91' lang='lat' dir='ltr'><strong>sub</strong></span> <span class='ocrx_word' id='word_1_421' title='bbox 1213 4729 1391 4819; x_wconf 83' lang='lat' dir='ltr'><strong>Elagabalo</strong></span> <span class='ocrx_word' id='word_1_422' title='bbox 1400 4729 1657 4820; x_wconf 55' lang='grc'><em>6681666614,</em></span> <span class='ocrx_word' id='word_1_423' title='bbox 1667 4739 1697 4806; x_wconf 87' lang='grc'><em>8.</em></span> 
     </span>
    </p>

    <p class='ocr_par' dir='ltr' id='par_1_11' title="bbox 352 4829 1049 4922">
     <span class='ocr_line' id='line_1_44' title="bbox 352 4829 1049 4922; baseline 0.007 -29"><span class='ocrx_word' id='word_1_424' title='bbox 352 4867 395 4876; x_wconf 89' lang='lat'><em>-</em></span> <span class='ocrx_word' id='word_1_425' title='bbox 427 4841 678 4897; x_wconf 73' lang='grc'><em>6166666666</em></span> <span class='ocrx_word' id='word_1_426' title='bbox 703 4829 1049 4922; x_wconf 77' lang='lat' dir='ltr'><strong>[n]a[1s]ro[unuss].</strong></span> 
     </span>
    </p>

    <p class='ocr_par' dir='ltr' id='par_1_12' title="bbox 353 4943 798 5000">
     <span class='ocr_line' id='line_1_45' title="bbox 353 4943 798 5000; baseline 0.002 -1"><span class='ocrx_word' id='word_1_427' title='bbox 353 4973 395 4982; x_wconf 80' lang='lat'><strong>-</strong></span> <span class='ocrx_word' id='word_1_428' title='bbox 428 4943 539 4999; x_wconf 84' lang='lat' dir='ltr'><strong>VLPIA</strong></span> <span class='ocrx_word' id='word_1_429' title='bbox 561 4943 798 5000; x_wconf 80' lang='lat' dir='ltr'><strong>AlllSTONIGE.</strong></span> 
     </span>
    </p>
   </div>
   <div class='ocr_carea' id='block_1_3' title="bbox 0 0 1922 5620">
    <p class='ocr_par' dir='ltr' id='par_1_13' title="bbox 0 0 1922 5620">
     <span class='ocr_line' id='line_1_46' title="bbox 0 0 1922 5620; baseline 0 0"><span class='ocrx_word' id='word_1_430' title='bbox 0 0 1922 5620; x_wconf 95' lang='lat' dir='ltr'><strong> </strong></span> 
     </span>
    </p>
   </div>
  </div>
 </body>
</html>
