3732 5630
207 343 444 399 CALPVRNIVS
854 333 917 400 287
1328 339 1561 396 CALPVRNIVS

1437 435 1560 444 -ι-ι-

270 561 419 605 nummus
439 545 543 604 rectus
564 546 619 618 est,
639 539 715 606 Piso
738 562 768 605 a.
785 543 825 604 13
847 539 887 604 ab
903 538 1049 624 Auguste
1069 539 1145 604 arbi
1163 538 1346 622 praefectus
1369 543 1432 617 est,·
1453 545 1564 605 centra

146 663 156 672 ·
273 643 443 709 Suetonius
457 648 487 707 et
502 642 632 708 Places
654 643 674 708 l.
697 643 717 710 l.
742 644 856 708 diserte
878 647 908 706 et
923 641 1023 724 plane
1037 663 1058 706 a
1078 641 1202 706 Tiberio
1221 641 1321 725 (eirea
1335 639 1433 723 a.17)
1453 639 1566 708 Pisoni

272 746 447 810 esseorum
474 747 565 810 urln's
593 745 779 812 urendatam
807 765 872 810 esse
899 747 1051 826 referunt.
1106 744 1191 809 Vnele
1218 745 1286 808 ueri
1316 743 1397 808 milri
1427 744 1564 810 similius

271 847 395 912 ridetur
411 869 574 914 memnona
592 848 698 914 Taciti
719 868 783 914 esse
804 847 924 929 falum
945 849 1009 912 siue
1031 867 1138 912 errore
1158 848 1260 930 ipsius
1277 847 1341 912 siue
1356 847 1450 932 mlum
1465 847 1563 912 libra-

272 951 394 1014 riorum
416 953 457 1032 cf.
480 971 559 1034 atrae
581 951 711 1034 exposui
724 949 929 1016 liteiniselres
946 949 1093 1015 Museum
1114 947 1225 1015 XLII
1241 948 1347 1031 (1884)
1362 971 1398 1032 p.
1413 955 1473 1014 164
1487 969 1562 1032 sqq„

273 1051 367 1116 aliter
389 1052 575 1127 Monenusen,
599 1051 797 1118 Staatsreelrt
815 1051 877 1118 ΙΙΒ
893 1074 930 1136 p.
946 1055 1038 1120 1059.
1061 1088 1100 1100 -
1125 1052 1285 1134 Pontifex,
1310 1051 1411 1115 frater
1434 1051 1564 1118 Arvalis

270 1174 299 1219 e.
321 1175 430 1238 surpra.

338 1275 470 1340 Potstor
494 1285 645 1341 strenuus
669 1275 798 1352 Seneca,
823 1273 962 1350 Plinius,
988 1275 1159 1342 Suetonius
1181 1277 1201 1342 l.
1222 1275 1259 1354 l.‚
1290 1273 1434 1340 officium
1457 1287 1562 1339 umen

273 1399 369 1443 suum
401 1401 466 1464 quo
500 1375 601 1442 tutela
635 1377 723 1444 urbis
760 1377 1005 1460 continebatur,
1042 1377 1287 1462 diligentissime
1324 1376 1563 1444 administravit

274 1481 403 1547 Sereeea.
440 1480 548 1546 Mores
571 1480 640 1545 eius
663 1501 733 1544 esse
754 1479 866 1563 vigore
888 1501 926 1544 ac
948 1478 1081 1545 lenitate
1103 1481 1311 1546 mixtissimos
1334 1491 1367 1546 ct
1381 1481 1439 1545 vix
1454 1503 1563 1566 quem-

273 1606 369 1670 quam
393 1583 528 1670 reperiri
551 1605 662 1669 posse,
686 1584 822 1669 quiunt
845 1583 946 1648 otium
971 1582 1110 1648 validius
1134 1583 1250 1666 diliget
1272 1595 1328 1650 out
1348 1583 1475 1648 facilius
1498 1582 1563 1648 suf·

276 1687 365 1752 liciat
386 1685 514 1768 negotio
539 1685 672 1750 Velleius
694 1685 715 1754 l.
739 1685 760 1752 l.
796 1683 925 1751 Nullius
948 1683 1077 1750 servilis
1099 1687 1277 1752 sententiae
1298 1695 1411 1752 auctor
1433 1698 1465 1750 et
1486 1708 1563 1772 quo·

275 1789 356 1854 tiens
386 1789 560 1854 necessitas
589 1789 769 1878 ingrueret,
800 1789 964 1874 supienter
994 1787 1164 1854 moderans
1190 1827 1228 1837 -
1251 1825 1293 1836 -
1319 1791 1494 1874 praecipua
1523 1812 1563 1854 ox

273 1913 311 1956 eo
340 1889 460 1974 glorio,
485 1890 572 1978 quod
602 1889 784 1977 praefectus
814 1890 885 1955 urbi
916 1913 1030 1957 recens
1057 1893 1241 1957 continuem
1271 1902 1459 1978 potestatem
1482 1893 1564 1957 mire

275 1995 468 2080 temperavit
480 1994 555 2061 Tae.
568 2017 599 2060 a.
615 1999 645 2072 6,
661 1999 711 2061 10.
727 2031 762 2040 -
778 1994 939 2060 Patronus
957 1994 1122 2081 Antipatri
1138 1993 1434 2060 Thessalonicensis
1450 2007 1565 2082 poetae

275 2095 404 2164 Arctet.
424 2119 474 2182 pr.
497 2102 526 2176 6,
542 2103 595 2164 24.
617 2101 691 2165 244.
712 2101 791 2176 335,·
812 2102 841 2175 9,
863 2101 932 2165 541.
955 2100 1037 2175 552;
1059 2102 1108 2174 10,
1130 2101 1182 2163 25.

337 2216 389 2282 Ad
419 2218 553 2283 Pisones
583 2218 712 2304 scripsit
744 2215 900 2282 Horatius
933 2215 1052 2282 librum
1083 2215 1124 2282 de
1157 2225 1225 2284 erte
1257 2219 1384 2303 poetica
1416 2217 1564 2300 (Pisones

274 2319 447 2403 alloquitur
467 2341 496 2385 o.
512 2325 541 2386 6.
556 2325 629 2398 235,
655 2329 759 2406 ‘peter
781 2329 814 2385 et
834 2321 968 2384 iuvenes
991 2329 1083 2405 patre
1099 2319 1201 2405 digni’
1217 2339 1246 2384 v.
1262 2325 1315 2399 24,
1340 2322 1453 2386 ‘maior
1475 2323 1563 2386 iuve-

274 2431 361 2488 num‘
378 2423 462 2508 366).
496 2423 550 2488 Ec
564 2423 703 2487 camnine
718 2423 789 2504 ipso
802 2421 884 2487 nilul
900 2423 979 2486 certi
998 2443 1095 2506 neque
1111 2423 1148 2488 de
1163 2428 1308 2506 ternpore,
1331 2445 1390 2508 que
1412 2426 1565 2508 cereptum

273 2525 444 2608 sitneque
473 2525 510 2590 de
532 2525 680 2610 personis
703 2523 857 2590 Pisanum
886 2547 994 2590 eruas
1023 2523 1095 2590 lieet
1122 2526 1188 2590 nisi
1212 2525 1315 2609 filiium
1336 2529 1486 2592 uiatorem
1510 2527 1564 2611 (cs.

274 2647 301 2692 u.
315 2632 377 2693 366
389 2627 468 2712 sqq.)
487 2629 520 2692 in
544 2627 739 2694 connutritus
753 2627 936 2711 pangendis
957 2633 1115 2692 omentum
1137 2647 1210 2696 esse.
1249 2629 1360 2693 ‘Hune
1381 2629 1499 2694 librum
1524 2629 1564 2693 ad

274 2729 310 2794 L
333 2730 484 2796 Pisonem
506 2731 562 2817 qui
592 2739 703 2814 postes
733 2728 824 2794 urbis
847 2739 955 2795 custos
978 2729 1040 2794 fuit
1062 2731 1195 2816 eiusque
1217 2729 1334 2796 liberos
1357 2733 1459 2814 misit,
1490 2753 1564 2794 nem

276 2835 398 2919 etipse
421 2833 496 2898 Piso
525 2843 621 2918 poete
649 2832 713 2898 fuit
742 2843 775 2899 et
801 2831 981 2898 studiorum
1010 2831 1193 2898 liberalium
1216 2835 1360 2898 antistes‘
1385 2833 1566 2918 Porphyris

273 2957 308 3018 p.
323 2939 383 3000 344
405 2935 452 3000 ed.
476 2935 597 3019 Meyer.
641 2934 685 3000 Iri
704 2935 789 3018 qued
816 2956 891 3000 num
920 2957 1025 3000 oerum
1047 2936 1102 3012 sit,
1128 2939 1203 3018 pest
1224 2935 1305 3000 alios
1326 2935 1367 3002 A.
1393 2935 1566 3001 Michaelis

275 3038 572 3120 (Commentatioues
588 3037 775 3103 Manassen.
784 3060 821 3122 p.
837 3042 901 3102 420
915 3037 993 3120 sqq.)
1015 3059 1079 3104 non
1101 3039 1168 3102 sine
1190 3057 1289 3102 eausa
1303 3037 1468 3102 dubitauit.
1500 3038 1565 3104 Seri

274 3141 328 3222 qui
354 3141 475 3221 suerint
503 3161 537 3204 re
568 3161 644 3205 uera
677 3139 730 3204 illi
759 3139 896 3206 Pisones
925 3140 1067 3218 Horatii,
1091 3139 1182 3204 nulla
1214 3140 1278 3203 iarn
1306 3145 1412 3223 petest
1440 3142 1565 3206 ratione

276 3241 405 3326 definiri
432 3246 462 3306 et
489 3242 675 3308 monmdum
705 3247 750 3308 est
777 3244 904 3308 omnino
930 3242 1042 3325 plures
1068 3243 1208 3326 Aupusti
1236 3247 1339 3308 aetate
1366 3243 1465 3324 fuisse
1493 3242 1564 3309 Cal-

271 3345 406 3426 purnies
428 3343 561 3410 Pisones
580 3367 676 3428 quam
704 3345 807 3411 adhue
828 3347 892 3410 riri
913 3345 998 3410 docti
1019 3343 1227 3422 admiserunt,
1249 3349 1285 3410 ut
1307 3349 1442 3429 apparet
1464 3368 1502 3411 ea
1525 3347 1565 3411 iis

276 3467 355 3529 quae
376 3447 427 3513 irie
450 3448 487 3514 de
508 3447 575 3513 illis
596 3450 833 3532 conmesuimus.

341 3568 377 3634 T.
398 3567 585 3652 sepulcralis
607 3567 658 3634 VI
674 3573 755 3634 1446
783 3569 930 3634 Liciniae
960 3568 1069 3634 Crassi
1099 3567 1201 3652 Frugi
1231 3567 1423 3654 pontif(icis)
1447 3568 1562 3650 lliliue)

277 3667 413 3754 Magnae
436 3671 474 3735 L.
498 3671 625 3736 Pisonis
655 3670 816 3757 pontilicis
846 3673 957 3736 uxoris
988 3671 1032 3736 ael
1058 3691 1148 3754 quern
1169 3672 1341 3753 pertineat,
1364 3675 1444 3736 certe
1466 3673 1566 3736 stetui

277 3774 390 3854 nequit.
429 3772 588 3838 Maritum
602 3774 695 3839 multi
708 3779 859 3851 nestrum,
877 3795 937 3840 cos.
955 3796 984 3838 a.
1000 3779 1071 3849 739,
1095 3773 1323 3850 intellexeruut,
1348 3773 1431 3856 quod
1451 3776 1486 3838 in
1507 3774 1564 3840 tec

277 3895 336 3939 uno
362 3881 515 3958 quantum
542 3876 644 3942 adhuc
672 3879 788 3943 scurrus
817 3878 964 3963 pontifex
988 3877 1199 3941 distinctionis
1229 3896 1328 3941 eausa
1352 3877 1401 3940 ita
1424 3876 1564 3954 additur,

277 3981 311 4040 ut
339 3983 368 4042 et
396 3978 432 4042 in
459 3982 480 4045 t.
510 3977 682 4060 sepulcrali
711 3977 789 4042 aridi
806 3980 1018 4076 Nneanifestum
1047 3983 1101 4043 est.
1151 3977 1273 4042 Oentra
1307 3977 1372 4042 diei
1396 3984 1502 4061 petest
1531 3981 1565 4044 in

276 4077 404 4160 familia
425 4080 623 4145 Licinianum
643 4080 833 4146 Crassorum
855 4101 1022 4164 cognomen
1043 4081 1145 4163 Frugi
1167 4101 1231 4144 non
1254 4085 1327 4144 ante
1350 4081 1400 4147 M.
1416 4079 1565 4146 Crassum

276 4179 381 4265 Frugi
401 4201 462 4247 cas.
486 4205 516 4246 a.
535 4187 582 4248 27
601 4183 693 4248 nobis
715 4188 824 4248 notum
846 4203 926 4260 esse,
957 4185 1005 4248 ita
1025 4188 1061 4247 ut
1083 4182 1244 4246 tricinium
1266 4181 1312 4246 cel
1334 4183 1437 4265 filiam
1458 4181 1506 4247 vel
1528 4205 1565 4247 ee

273 4285 410 4366 posteris
423 4283 517 4349 leuitas
533 4285 632 4365 fuisse
648 4285 849 4351 statuendum
864 4287 914 4350 sit.
941 4285 984 4351 Ie
997 4284 1080 4368 quod
1094 4305 1164 4349 cum
1178 4285 1246 4348 ceri
1259 4284 1396 4349 similius
1408 4283 1563 4362 uideatur,

275 4388 409 4452 aramius
430 4386 484 4452 elle
498 4389 661 4471 posterior
682 4410 775 4472 quarn
799 4393 904 4454 noster
926 4389 998 4470 suit,
1022 4408 1213 4472 quamquam
1234 4391 1368 4452 aetatem
1383 4389 1564 4452 acueratius

276 4489 406 4574 definire
426 4510 490 4555 non
512 4489 592 4554 lieet.

216 4607 275 4672 250
295 4618 328 4674 L.
352 4617 585 4675 CALPVRNIVS
608 4619 689 4676 PISO
713 4621 828 4676 FRVGI
850 4619 1077 4675 LICINlANVS.
1127 4609 1242 4674 Tituli:
1271 4612 1338 4692 ipse
1361 4609 1472 4693 posuit
1494 4631 1564 4674 cunt

277 4710 487 4778 Scriboniano
501 4714 605 4795 fratre
620 4715 746 4796 cippum
761 4714 957 4780 terminalem
978 4713 1027 4779 VI
1036 4717 1121 4778 1268
1136 4713 1198 4797 (1);
1217 4702 1404 4796 sepulcralis
1421 4713 1566 4778 urbanus

278 4815 342 4878 cirus
363 4820 394 4880 et
415 4815 572 4881 Veraniae
592 4819 704 4882 uaeris
724 4817 902 4882 Bullettino
924 4816 1086 4880 cenranale
1109 4820 1190 4881 1886
1207 4837 1243 4899 p.
1258 4821 1321 4880 102
1341 4837 1373 4880 n.
1393 4820 1477 4882 1026
1499 4815 1566 4902 (2),·

279 4915 405 5002 adeptio
426 4918 493 4984 eius
514 4924 707 4986 memoratur
728 4920 763 4986 in
784 4921 864 4987 actis
886 4919 1057 4986 Amulium
1078 4940 1108 4986 a.
1124 4923 1163 4986 69
1187 4918 1238 4983 VI
1253 4925 1337 4985 2051
1359 4917 1377 5002 (
1385 4923 1413 5004 ).
