3732 5630
167 339 368 397 CAECILIVS
1325 337 1521 394 CAECILIVS

169 545 212 603 55
236 547 269 614 Q.
293 545 490 602 CAECILIVS
513 543 693 617 RVFINVS,
722 532 895 620 proconsul
919 534 1035 599 Cretae
1058 543 1090 598 et
1112 533 1313 619 Cyrenarum
1335 533 1417 602 CIC
1439 540 1524 602 2588

235 647 256 705 1.
285 639 436 706 Creticus.
485 638 576 720 Quod
603 637 714 703 Bo'clm
742 638 789 702 ibi
815 638 930 702 statml
957 636 1087 702 eandem
1108 639 1280 702 memormi
1301 638 1334 702 in
1357 643 1379 702 t.
1406 639 1522 704 Tarra·

235 744 362 808 connisi
383 742 429 807 ΙΙ
444 746 529 806 4201
550 743 658 824 posito
681 739 722 822 Q.
745 738 886 806 Caecilio
910 739 1027 804 Rufino
1050 738 1231 822 Saguntino
1255 739 1296 804 ob
1318 738 1522 826 legationem,

236 869 302 932 qua
323 847 465 929 gratuita
489 845 575 930 apud
598 843 805 909 Hadrianum
827 842 912 925 Aug.
935 841 1066 906 functus
1089 853 1144 926 est,
1170 844 1312 926 probari
1331 864 1394 908 non
1409 850 1523 928 potest.

167 951 212 1014 56
235 959 268 1026 Q.
292 957 487 1013 CAECILIVS
516 954 677 1011 RVFINVS
708 953 1013 1028 OREPEREIANVS,
1043 944 1156 1010 consul
1185 944 1348 1030 (suffectus
1371 967 1454 1011 anno
1475 949 1523 1011 in·

236 1050 347 1127 certo),
387 1049 514 1133 legatus
550 1049 771 1132 Augustorum
808 1071 857 1133 pr.
891 1070 939 1133 pr.
974 1049 1175 1130 (Pannoniae
1208 1047 1384 1130 inferioris)
1417 1050 1525 1134 posuit

234 1158 256 1218 t.
279 1153 494 1236 Aquincenses
516 1152 582 1218 ΠΙ
599 1151 634 1217 S.
657 1155 768 1214 10407.
793 1153 903 1215 10415.

168 1257 211 1322 57
233 1265 272 1323 nr.
297 1264 494 1320 onscrnrvs
518 1263 679 1318 sumnus
701 1261 908 1318 ornaturus,
947 1253 1063 1317 Tituli:
1084 1255 1151 1337 ipse
1169 1255 1279 1336 posuit
1299 1254 1441 1337 Aquino
1462 1255 1528 1320 ΙΙΙ

232 1363 314 1424 3463
335 1355 378 1438 (1)
401 1363 431 1422 et
451 1357 554 1441 Apuli
574 1357 641 1423 ΙΙΙ
656 1361 742 1421 1142
763 1357 809 1441 (2)
832 1361 960 1422 correct.
1002 1355 1233 1422 Additamento
1247 1379 1284 1440 p.
1299 1361 1390 1423 1015.

300 1461 443 1526 Nomina
464 1461 593 1544 pariter
622 1460 767 1526 exhibent
796 1465 816 1525 t.
840 1466 869 1524 1.
891 1463 924 1536 2,
954 1461 1020 1524 nisi
1049 1459 1131 1542 qnod
1157 1461 1190 1525 in
1216 1461 1364 1543 enernplis
1386 1462 1526 1544 antiquis

237 1571 259 1630 t.
280 1571 305 1631 2
325 1585 438 1629 nomen
457 1564 573 1648 gentile
596 1568 779 1646 corruptam
801 1566 846 1627 est
867 1563 902 1626 in
923 1579 1051 1627 suctuve
1073 1562 1120 1626 ool
1141 1563 1287 1628 suauis.
1304 1564 1525 1629 -Tribunus

235 1666 416 1733 laticlavius
444 1667 583 1750 legionis
612 1667 660 1731 IV
689 1665 851 1748 Fltaviae)
882 1666 930 1748 (in
958 1665 1063 1748 lapide
1086 1686 1150 1750 pro
1180 1683 1227 1732 rt..
1258 1671 1345 1731 estat
1372 1668 1416 1748 a.)
1446 1671 1467 1732 l.
1494 1673 1524 1746 1,

236 1770 360 1854 legatus
383 1769 519 1854 legionis
541 1769 626 1834 Xlll
649 1769 806 1836 Geminae
829 1774 850 1832 t.
869 1774 902 1834 2.

170 1875 212 1940 58
236 1872 272 1941 C.
289 1872 450 1938 Caecilius
470 1871 651 1956 Salvianus,
673 1875 689 1938 δ
710 1876 861 1958 κράτιστος
884 1869 1066 1956 δικαιοδότης
1089 1869 1302 1956 διαδεχόμενος
1323 1875 1371 1938 καὶ
1393 1872 1430 1936 τὰ
1451 1873 1526 1938 κατὰ

234 1979 286 2063 τὴν
318 1978 478 2064 ἡγεμονίαν
508 1980 701 2040 nrcmoratnr
728 1977 764 2040 in
785 1995 913 2058 papyro
935 1973 1144 2056 Arppptisclte
1173 1973 1342 2039 Urlanden
1371 1995 1430 2040 aas
1459 1975 1528 2040 dem

236 2078 432 2162 ltitnipliclien
453 2079 600 2143 Mnseam
621 2098 662 2142 an
683 2077 797 2142 Berlin
820 2077 846 2141 I
861 2099 892 2140 n.
908 2081 975 2141 327
993 2075 1116 2158 scripto
1137 2074 1221 2146 ἔτους
1243 2102 1271 2149 ις
1292 2076 1412 2142 seilicet
1432 2079 1527 2161 impe·

235 2183 355 2246 ratoris
378 2181 491 2245 Marci
512 2212 554 2236 =
576 2203 605 2245 a.
623 2185 692 2258 166,
716 2185 753 2245 51
773 2184 855 2245 recte
877 2178 1030 2260 replicuit
1049 2178 1157 2242 Krebs
1180 2176 1199 2244 l.
1224 2178 1263 2256 l.,·
1285 2199 1360 2242 nam
1383 2178 1419 2246 C.
1444 2181 1528 2245 Lon-

235 2286 331 2368 ginus
358 2283 473 2349 Castor
502 2295 673 2348 veteranus
703 2284 758 2366 qni
785 2284 821 2348 in
849 2283 909 2347 bac
932 2301 1059 2365 papyro
1081 2285 1283 2356 memoretur,
1311 2286 1528 2348 testamentum

236 2388 312 2469 fecit
332 2388 368 2452 in
391 2387 494 2452 altero
514 2410 545 2454 n.
560 2391 626 2452 326
647 2407 731 2451 anno
753 2389 825 2452 189.

173 2489 214 2554 59
238 2488 400 2554 Caecilius
423 2489 626 2555 Saturninus.
674 2489 724 2553 ‘In
746 2510 866 2573 mappa
887 2486 1079 2552 Albensium
1103 2475 1285 2550 invenitur:
1317 2487 1409 2552 Haec
1430 2488 1527 2574 dapa-

236 2590 313 2656 latio
344 2601 376 2656 et
406 2590 629 2656 determinatio
659 2591 744 2655 facta
773 2599 848 2655 ante
877 2589 908 2654 d.
931 2590 980 2654 VI
1006 2589 1048 2653 id.
1072 2587 1230 2654 Octobres
1260 2611 1319 2674 per
1349 2587 1526 2655 Caecilium

239 2693 450 2760 Saturninum
479 2697 700 2759 centurionem
730 2692 871 2758 cohortis
894 2692 959 2756 Vll
982 2693 1191 2777 praetoriae)
1213 2691 1292 2773 (Vll
1316 2703 1348 2757 et
1370 2693 1437 2756 XX
1460 2697 1525 2758 tra-

239 2797 337 2880 ditur)
360 2795 561 2860 mensoribus
585 2794 877 2861 intervenientibus
894 2795 1046 2879 Scipione
1062 2793 1165 2860 Orfito
1189 2805 1220 2858 et
1237 2794 1276 2875 Q.
1293 2795 1398 2860 Nonio
1415 2796 1526 2860 Prisco

239 2898 819 2982 5555511555(τ-5,149)1ι’δοιΙ
843 2897 1039 2962 coloniarum
1062 2896 1225 2978 Schriften
1255 2897 1310 2960 dcr
1338 2897 1528 2962 Romisclren

237 3001 433 3068 Feldmesser
448 3002 474 3067 Ι
483 3024 519 3085 p.
535 3005 608 3078 244,
632 3000 739 3066 eadem
759 3001 935 3084 deprecata
955 3004 1139 3082 reportantur
1161 2999 1216 3063 lib.
1232 2999 1278 3064 ΙΙ
1288 3021 1324 3081 p.
1340 3003 1413 3075 253,
1438 3001 1528 3064 mins

239 3110 349 3170 aanor
369 3106 499 3170 nomina
520 3105 556 3169 in
577 3103 727 3170 Cilicium
749 3104 961 3170 Saturninum
983 3103 1134 3184 corrupit.

302 3207 479 3271 Mommsen
506 3205 704 3270 Felrlmesser
726 3206 772 3270 II
781 3227 817 3288 p.
841 3209 918 3281 171,
950 3202 1025 3270 CIL
1046 3203 1106 3269 IX
1125 3225 1161 3286 p.
1181 3209 1244 3292 371
1273 3204 1420 3272 coniecit.
1451 3226 1527 3270 rara

237 3307 461 3376 nominalistis
482 3309 581 3390 fnisse
602 3308 641 3372 L.
662 3306 875 3371 Marculeium
897 3307 1117 3388 Saturninum,
1141 3308 1196 3388 qni
1217 3307 1252 3371 in
1274 3311 1296 3372 t.
1311 3306 1448 3371 Albensi
1468 3308 1529 3373 IX

238 3415 325 3478 3923
347 3409 464 3475 discitur
485 3419 658 3474 veteranus
681 3409 820 3492 Augusti
845 3409 985 3473 cohortis
1008 3408 1073 3473 Vll
1095 3409 1286 3492 praetoriae,
1314 3408 1436 3473 Illlvir
1458 3409 1528 3473 iure

239 3512 388 3596 dicundo,
413 3521 565 3598 quaestor
594 3513 641 3576 rei
671 3511 822 3598 publicae
845 3511 964 3593 (Albae
986 3511 1164 3589 Fucentis).
1209 3511 1275 3575 Res
1294 3511 1373 3575 satis
1395 3512 1527 3576 incerta.

176 3618 217 3682 60
240 3614 402 3681 Caecilius
433 3614 621 3697 Secundus,
653 3615 775 3678 amicus
805 3612 980 3694 Martialis,
1012 3614 1064 3676 cui
1095 3612 1136 3677 ad
1160 3613 1348 3676 Danuvium
1377 3614 1528 3678 militanti

239 3720 327 3784 misit
341 3720 596 3805 epigrammaton
614 3719 732 3783 librum
749 3721 920 3804 septimum
936 3728 979 3801 (a.
996 3721 1051 3803 02)
1067 3715 1237 3782 Martialis
1253 3723 1280 3800 7,
1296 3722 1346 3782 84.
1376 3717 1530 3782 Fortasse

237 3820 320 3887 idem
342 3826 388 3886 est
409 3821 587 3904 Secundus,
612 3823 666 3905 oni
686 3827 878 3887 memoratur
900 3843 921 3886 a
945 3819 1102 3886 Martiale
1120 3824 1150 3897 5,
1165 3824 1218 3886 80.

176 3925 213 3990 61
239 3924 277 3991 L.
308 3923 491 4009 C[aeciliu]s
521 3925 707 4008 Secundus,
739 3925 776 3992 C.
799 3923 837 4007 f,
871 3923 958 3988 tribu
988 3922 1080 4004 Oui,
1112 3921 1294 4007 praefectus
1325 3919 1481 4007 [fabrum]
1509 3946 1528 3986 5

240 4026 390 4110 consule,¹
404 4028 528 4092 lIlIvir
550 4029 620 4092 iure
643 4027 800 4109 dicundo,
832 4025 979 4112 pontifex
1002 4023 1139 4106 (Cumis)
1161 4029 1355 4089 memoratur
1377 4027 1410 4088 in
1439 4025 1528 4090 titulo

241 4128 385 4196 Corncnsi
406 4130 496 4207 Pais,
520 4129 749 4194 Additamento
772 4128 816 4193 arl
834 4129 908 4195 CIL
930 4128 1000 4195 Vn.
1018 4132 1085 4206 745,
1106 4149 1196 4211 quem
1211 4129 1324 4210 poenit
1345 4126 1529 4211 [Caecillius

241 4233 410 4300 Secundus
432 4231 529 4297 filius.
574 4233 638 4298 Vm·
660 4232 837 4298 Mommsen
860 4231 1024 4296 adnotam'i
1048 4231 1250 4313 praesectum
1279 4229 1370 4294 illam
1392 4229 1532 4313 r'ntrllepi

235 4357 328 4418 posse
344 4340 474 4419 patrem
494 4335 675 4400 naturalem
696 4333 804 4400 Plinii
825 4334 974 4411 minoris,
998 4332 1053 4398 sed
1075 4333 1179 4397 eodem
1200 4335 1270 4396 iare
1292 4330 1420 4413 defendi
1435 4353 1530 4415 posse

241 4440 469 4514 coniecturam,
499 4445 599 4519 onam
617 4443 712 4502 antea
733 4441 809 4519 post
831 4437 913 4500 alios
935 4440 1162 4519 proprosncrat,
1186 4439 1315 4518 patrem
1344 4434 1438 4498 nnius
1467 4455 1530 4500 csse

243 4541 280 4606 L.
303 4540 482 4632 Caecilium
505 4540 650 4605 Cilonem
672 4545 693 4604 t.
715 4539 875 4605 Contensis
898 4538 1030 4604 V5279.
1074 4537 1211 4619 Vtroque
1232 4539 1331 4620 ipitnr
1352 4540 1531 4602 coniectura

243 4643 449 4726 aequabiliter
472 4645 594 4708 incerta
615 4649 670 4708 est.

180 4779 221 4790 -
242 4754 272 4810 C.
295 4754 442 4810 PLINIVS
467 4755 662 4810 CAECILIVS
686 4755 890 4811 SECVNDVS.

182 4847 220 4910 62
241 4849 464 4929 cnsclssnvs)
488 4859 746 4913 SERVILIANVS.
782 4847 929 4912 1115555.Ι
956 4845 1109 4911 Thracici
1122 4847 1157 4910 in
1173 4846 1306 4910 advorsa
1325 4849 1420 4928 capnt
1440 4844 1531 4910 Conr-

241 4949 326 5014 modi
354 4951 534 5017 enlr'drntcs
563 4957 592 5016 et
614 4952 849 5034 inscriptionem
873 4949 1099 5036 Atlroapoirop)
1123 4951 1267 5035 Καῖ(σαρ)
1290 4949 1333 5013 11.
1357 4946 1530 5034 Αὐρ(ήλιος)
