3758 5628
347 289 532 348 marnas
991 282 1054 350 368
1517 295 1708 350 cnavmvs

471 489 565 552 Iussu
587 488 727 572 Augusti
757 489 910 554 Tiberius
938 491 1061 574 Ticino,
1091 512 1155 576 quo
1188 489 1230 554 ad
1263 501 1415 575 parentes
1443 490 1709 577 complectendas

408 603 550 674 venerat,
574 591 616 656 ad
631 591 775 658 Drusum
791 605 1014 676 aegrotantem
1031 597 1064 658 in
1080 591 1290 658 Germaniam
1305 593 1473 658 contendit
1488 605 1522 658 et
1542 593 1584 658 ad
1606 595 1709 658 mori-

409 693 554 759 bundum
577 696 725 780 pervenit
746 693 813 760 Dio
832 701 882 772 55,
898 699 931 772 2,
955 695 1099 760 Valerius
1115 695 1208 760 Max.
1226 699 1257 772 5,
1275 700 1305 772 5,
1327 701 1358 772 3,
1381 695 1467 760 Pliu.
1490 718 1522 760 u.
1545 695 1575 761 lr.
1601 703 1630 774 7,
1653 701 1708 761 84.

406 795 556 861 Tiberius
574 819 692 883 corpus
709 797 808 862 Drusi
825 798 963 884 pedibus
980 811 1045 864 toto
1063 799 1178 862 itinere
1196 797 1426 883 praegrediens
1442 800 1577 864 Romam
1601 819 1708 884 nsque

409 901 560 984 pervexit
575 899 704 966 Suelou.
721 901 823 966 Tuber.
840 907 870 978 4,
886 901 953 966 Dio
970 900 990 965 l.
1008 901 1027 965 l.
1043 901 1215 983 Augustus
1230 901 1408 986 asperrimo
1424 901 1539 965 hiemis
1551 901 1707 965 Ticinum

409 1025 512 1088 usque
526 1023 715 1088 progressus
731 1025 795 1070 non
811 1003 987 1069 abscedens
1003 1027 1023 1068 a
1040 1002 1154 1068 funere
1175 1001 1271 1068 simul
1294 1003 1406 1069 urbem
1430 1005 1564 1068 intravit
1583 1004 1656 1068 Tac.
1674 1025 1706 1066 a.

407 1109 437 1181 3,
448 1110 478 1172 5.
505 1104 632 1192 Corpus
645 1106 678 1170 in
690 1129 804 1192 campo
816 1107 934 1172 Martio
947 1119 1122 1172 crematum
1134 1118 1168 1171 et
1179 1105 1342 1171 mausoleo
1355 1107 1496 1188 Augusti
1509 1105 1643 1170 inlatum
1658 1117 1709 1168 est

410 1208 479 1273 Lic.
489 1209 630 1290 periaclr.
643 1215 714 1286 142,
732 1211 860 1274 Suetoa.
882 1209 998 1276 Claud.
1015 1216 1044 1287 1,
1067 1209 1135 1275 Dio
1148 1215 1198 1286 55,
1214 1213 1247 1274 2.
1284 1208 1417 1295 Duplex
1432 1209 1533 1274 Drusi
1549 1207 1706 1290 laudatio,

409 1333 475 1374 una
489 1334 509 1375 a
523 1310 655 1376 Tiberio
673 1314 705 1376 in
729 1313 799 1398 ipso
822 1311 900 1396 foro,
924 1312 1026 1378 altera
1042 1314 1074 1378 in
1090 1315 1177 1376 circo
1192 1311 1352 1377 Flaminio
1367 1310 1409 1376 ab
1426 1313 1576 1396 Augusto
1593 1310 1708 1376 habita

409 1414 530 1490 Liuius,
552 1411 619 1480 Dio
634 1414 654 1482 l.
671 1415 692 1480 l.
725 1415 893 1498 Augustus
909 1437 974 1480 non
989 1427 1160 1480 contentus
1176 1413 1315 1498 elogium
1332 1413 1455 1479 tumulo
1470 1415 1539 1478 eius
1555 1411 1707 1478 versibus

408 1540 429 1581 a
459 1539 494 1582 se
522 1519 707 1604 compositis
738 1517 960 1604 insculpsissc,
990 1520 1087 1583 etiam
1110 1520 1197 1582 vitae
1225 1519 1412 1582 memoriam
1440 1517 1706 1604 praenotatione

410 1621 591 1705 composuit
607 1621 736 1686 Sueten.
750 1621 867 1687 Claud.
884 1627 913 1686 1.
938 1622 1124 1688 Germanici
1140 1641 1318 1704 cognomen
1334 1622 1362 1684 ei
1379 1622 1582 1706 posterisque
1596 1619 1706 1684 decre

413 1733 479 1787 tum
502 1733 551 1786 est
573 1722 701 1790 Sueten.
725 1723 800 1800 alul„
824 1723 892 1789 Dio
904 1729 954 1800 55,
970 1731 1003 1801 2,
1026 1723 1150 1790 Florus
1164 1730 1197 1801 2,
1212 1729 1264 1800 30,
1286 1723 1375 1789 Ouid.
1391 1725 1466 1804 saal.
1483 1729 1511 1799 1,
1526 1727 1597 1798 597,
1622 1722 1704 1786 usu.
1825 1743 1826 1760 .

409 1829 439 1900 4,
465 1829 499 1901 2,
521 1830 571 1904 39,
596 1825 753 1910 Porphyr.
777 1827 821 1892 ad
842 1827 958 1893 Horat.
983 1849 1030 1910 ep.
1053 1833 1083 1904 1,
1106 1833 1127 1892 3
1150 1849 1183 1910 p.
1206 1831 1273 1892 272
1294 1825 1342 1892 ed.
1360 1825 1480 1908 Meyer.
1524 1825 1576 1890 Ad
1599 1827 1705 1911 ipsum
1826 1808 1827 1838 ¹

411 1926 560 1992 Rhenum
591 1929 754 1993 exercitus
788 1928 996 1994 honorarium
1031 1929 1059 1992 ei
1092 1927 1249 1993 tumulum
1284 1928 1454 2010 excitavit,
1488 1927 1575 1992 circa
1607 1947 1703 2012 quem

410 2030 562 2116 deinceps
585 2043 667 2095 stato
690 2031 744 2096 die
766 2033 941 2117 quotannis
963 2031 1055 2096 miles
1079 2031 1267 2096 decurreret
1289 2029 1534 2116 Galliarumque
1556 2030 1705 2093 civitates
1828 2022 1829 2030 '

411 2131 541 2218 publice
563 2131 786 2220 supplicarent
807 2135 935 2200 Suclou.
953 2134 1070 2200 Claud.
1086 2141 1114 2211 1,
1131 2133 1197 2199 Dio
1211 2139 1260 2211 55,
1277 2139 1317 2210 2;
1337 2143 1580 2197 monumentum
1603 2130 1704 2195 Drusi

412 2235 497 2320 apud
532 2235 773 2318 Mogontiacum
803 2237 940 2320 Eutrop.
973 2244 1000 2314 7,
1030 2242 1079 2302 13.
1131 2229 1376 2302 Monumentum
1410 2235 1510 2300 Drusi
1544 2235 1705 2299 urbanum

414 2339 541 2405 Sueten.
569 2339 686 2404 Claud.
709 2345 758 2404 46.
812 2341 909 2404 Anno
935 2343 955 2405 6
982 2363 1012 2426 p.
1041 2341 1077 2406 Ο.
1105 2340 1320 2408 Germanicus
1346 2348 1379 2403 et
1399 2337 1557 2404 Claudius
1586 2337 1644 2401 tilii
1671 2340 1705 2401 in

413 2441 567 2506 honorem
599 2445 698 2528 patris
728 2441 872 2508 defuncti
903 2445 1025 2509 Romae
1055 2465 1172 2508 munus
1193 2441 1422 2525 gladiatorium
1445 2440 1618 2505 ediderunt
1639 2439 1705 2504 Dio

412 2549 460 2619 55,
474 2549 528 2609 27.
568 2543 723 2610 Claudius
746 2547 922 2632 imperator
944 2545 1048 2611 factus
1071 2545 1158 2610 diem
1179 2543 1320 2609 natalem
1343 2545 1412 2608 eius
1434 2541 1592 2607 celebrari
1615 2543 1709 2606 iussit

413 2646 541 2713 Suelou.
563 2647 680 2712 Claud.
703 2653 752 2724 11,
775 2648 842 2713 Dio
865 2653 915 2725 60,
936 2655 965 2714 5.
1011 2648 1158 2712 Herodes
1185 2669 1244 2711 rex
1270 2646 1465 2712 Iudaeorum
1492 2649 1525 2710 in
1552 2644 1705 2710 honorem

414 2750 483 2814 eius
506 2751 620 2814 turrim
643 2749 683 2814 ad
702 2763 831 2836 portum
847 2751 1091 2818 Caesariensem
1108 2751 1201 2814 sitam
1219 2749 1371 2814 Drusiam
1389 2748 1567 2812 nominavit
1581 2745 1704 2830 Ioseph.

414 2857 480 2920 aut.
495 2857 544 2930 15,
560 2858 590 2930 9,
604 2858 634 2930 6,
658 2854 728 2918 bell.
748 2859 776 2931 1,
792 2860 845 2931 21,
861 2859 890 2918 6.
915 2889 952 2900 -
978 2852 1168 2919 Sacerdotes
1190 2854 1323 2938 Δρούσου
1347 2855 1461 2916 ὑπάτου
1477 2851 1603 2934 passim
1626 2851 1706 2912 tuac

412 2955 546 3019 aluntur
560 2956 595 3020 ia
610 2956 711 3020 titulis
726 2955 845 3022 Atticis
859 2959 900 3038 cf.
916 2957 981 3020 iud.
999 2955 1078 3022 CIA
1094 2955 1160 3020 ΙΙΙ
1171 2977 1206 3038 p.
1217 2960 1279 3020 319
1294 2959 1324 3019 et
1337 2953 1561 3035 Dittmbcrper
1575 2951 1705 3034 Epleru.

414 3063 495 3140 cp.1
511 3081 548 3141 p.
563 3064 624 3124 116
645 3065 674 3124 el
696 3059 740 3124 ad
761 3059 838 3126 CIA
861 3060 927 3124 ΙΙΙ
943 3065 1015 3126 623.
1039 3064 1112 3124 624.

478 3163 648 3246 Ingenium
663 3185 700 3228 ac
716 3185 822 3226 mores
838 3162 973 3227 Velleius
987 3169 1019 3239 2,
1036 3167 1086 3238 97,
1103 3161 1231 3227 Sueloa.
1249 3159 1365 3226 Claud.
1383 3165 1411 3224 1.
1448 3157 1598 3222 Eximius
1612 3155 1705 3220 favor

414 3263 526 3351 populi
549 3267 584 3329 in
609 3287 683 3330 eum
703 3265 776 3332 Tac.
793 3287 823 3332 a.
839 3269 871 3342 2,
885 3269 945 3340 41,·
966 3269 995 3340 6,
1010 3266 1060 3328 51.
1090 3262 1270 3326 Dicebatur
1284 3283 1347 3325 non
1364 3259 1586 3325 dissimulasse
1601 3261 1704 3345 pristi-

415 3389 492 3431 num
516 3389 550 3430 se
573 3369 620 3431 rei
644 3367 793 3454 publicae
815 3379 942 3446 sutum,
971 3365 1167 3451 quandoque
1188 3375 1305 3450 posset,
1332 3349 1555 3428 ¹restituturum
1578 3362 1703 3429 Suelou.

413 3469 531 3535 Claud.
547 3476 567 3535 1
588 3471 628 3550 cs.
656 3470 730 3535 Tac.
746 3491 776 3534 a.
791 3474 825 3546 2,
840 3475 894 3536 82.
930 3467 1081 3532 Tiberius
1097 3467 1206 3532 odium
1222 3467 1381 3531 adversus
1396 3465 1650 3530 necessitudines
1673 3465 1704 3526 in

414 3572 524 3636 Druso
551 3571 651 3636 fratrc
681 3575 819 3658 primum
850 3571 974 3636 detexit
1002 3571 1131 3658 prodita
1160 3571 1229 3634 eius
1258 3567 1410 3655 epistula,
1442 3591 1509 3654 qua
1534 3589 1643 3632 secum
1666 3565 1705 3630 de

415 3672 559 3757 cogendo
582 3674 623 3738 ad
646 3675 877 3740 restituendam
903 3673 1087 3739 libertatem
1104 3673 1250 3755 Augusto
1267 3672 1384 3756 agebat
1396 3671 1523 3736 Sueten.
1542 3670 1644 3737 Tiber.
1655 3674 1704 3735 50.

479 3777 572 3842 onr
594 3779 739 3842 Antonia
761 3781 875 3861 minor,
899 3777 966 3842 filia
988 3777 1033 3840 M.
1057 3777 1190 3840 Antonii
1215 3775 1375 3839 triumviri
1399 3773 1439 3855 cf.
1462 3773 1495 3836 A
1520 3777 1587 3848 711,
1610 3795 1705 3856 qnam

417 3881 449 3944 in
472 3881 713 3945 matrimonium
736 3881 832 3946 duxit
853 3891 941 3944 certo
963 3891 1038 3943 ante
1060 3902 1089 3944 a.
1106 3879 1168 3944 739
1184 3907 1225 3930 =
1242 3879 1291 3958 15,
1315 3898 1379 3962 quo
1393 3897 1476 3940 anno
1494 3875 1706 3942 Germanicus

416 3993 512 4048 natus
534 3994 584 4047 est
605 3985 645 4064 cs.
662 3984 790 4048 Suelou.
811 3983 913 4066 Calip.
938 3987 966 4046 1.
1011 3980 1149 4046 Constat
1170 3980 1316 4045 Drusum
1348 4001 1442 4044 usum
1464 3978 1593 4042 veneris
1623 3978 1708 4040 intra

416 4087 563 4168 coniugis
593 4087 760 4150 caritatem
791 4085 936 4151 clausum
968 4085 1110 4150 tenuisse
1139 4082 1243 4148 Valer.
1269 4081 1362 4146 Max.
1386 4085 1416 4158 4,
1438 4086 1469 4158 3,
1492 4085 1523 4144 3.
1568 4079 1621 4144 Ex
1644 4100 1708 4165 qua

418 4188 600 4275 complures
621 4189 752 4275 quidem
776 4187 895 4253 liberos
918 4187 1001 4269 tulit,
1024 4207 1138 4250 verum
1162 4199 1226 4250 tres
1249 4185 1380 4248 omnino
1396 4181 1527 4268 reliquit
1542 4181 1708 4248 Germani·

415 4315 498 4374 cum,
523 4291 686 4372 Livium,
711 4291 882 4358 Claudium
907 4291 1034 4356 Straton.
1056 4289 1172 4356 Claud.
1192 4294 1221 4352 1.

481 4395 683 4460 Mauoratur
703 4396 809 4461 Senes.
834 4393 912 4459 dial.
929 4399 979 4470 11,
996 4399 1045 4471 15,
1059 4399 1089 4469 5,
1114 4391 1203 4458 Pliu.
1219 4413 1250 4457 a.
1265 4391 1296 4454 lt.
1314 4395 1342 4466 7,
1358 4393 1399 4452 86
1413 4391 1467 4471 (=
1483 4385 1585 4452 Solia.
1599 4390 1628 4460 1,
1641 4383 1708 4468 74);

417 4503 447 4575 9,
464 4504 536 4576 172,
556 4499 630 4564 Tac.
647 4521 677 4562 a.
693 4505 722 4575 1,
738 4504 787 4564 41.
803 4501 860 4576 43,·
877 4501 907 4573 6,
924 4501 953 4572 9,
976 4495 1082 4560 Gerra
1098 4500 1148 4559 34.
1163 4499 1213 4570 37,
1236 4493 1325 4557 Pliu.
1338 4493 1427 4574 epist.
1441 4495 1471 4566 3,
1487 4495 1516 4565 5,
1531 4493 1562 4566 4,
1579 4487 1705 4553 Sueten.

415 4602 501 4684 Aug.
516 4605 565 4678 99,
587 4601 690 4666 aaa.
712 4606 759 4678 76,
784 4600 886 4684 Calip.
906 4606 936 4677 1,
952 4599 1087 4681 Eutrop.
1104 4603 1198 4674 7,12,
1225 4595 1302 4660 Vial.
1316 4593 1404 4660 Caes.
1415 4598 1445 4669 3,
1458 4597 1490 4668 2,
1507 4591 1596 4674 Epil.
1609 4596 1638 4666 1,
1651 4593 1707 4666 26,-

415 4711 445 4782 4,
469 4709 498 4780 1,
521 4703 652 4770 Orosius
674 4709 701 4780 7,
724 4709 754 4768 4.
774 4709 829 4780 32,
853 4702 1019 4767 Plutarch.
1043 4702 1161 4766 Aulon.
1177 4704 1229 4776 87,
1252 4698 1318 4763 Dio
1336 4701 1386 4774 55,
1403 4701 1432 4760 4.
1454 4699 1484 4760 5.
1505 4699 1534 4758 6.
1550 4697 1587 4770 8;
1609 4698 1658 4768 66,
1673 4695 1705 4766 2,

418 4807 507 4874 Oua
531 4829 569 4872 aa
590 4805 695 4870 Paulo
716 4811 749 4882 2,
764 4809 794 4882 8,
811 4810 860 4882 47,
889 4804 1063 4870 Claudias.
1080 4804 1117 4867 do
1136 4823 1219 4868 cars.
1238 4800 1574 4878 Slrlr'cla.1‚193.saq.‚
1598 4795 1636 4859 de
1651 4793 1708 4859 IV

417 4931 500 4976 cars.
523 4909 664 4976 Houorii
682 4913 752 4986 455,
769 4909 893 4991 passim
915 4909 950 4972 iu
972 4901 1191 4973 Consolatione
1213 4905 1256 4969 ad
1277 4905 1412 4968 Liviam.
