3826 5610
372 330 492 388 annm
1032 322 1072 390 78
1586 390 1593 401 ,
1609 333 1730 389 Annua

435 525 555 594 11010101
571 550 607 610 p.
632 533 681 606 79,
709 528 817 596 Ualen
833 552 869 614 p.
890 535 950 594 149
978 551 1011 597 n.
1030 535 1094 596 139
1115 551 1180 614 sqq.
1223 529 1304 595 Cum
1337 531 1377 596 de
1406 531 1594 598 valetudine
1621 532 1730 596 mariti

435 629 631 718 desperaret,
655 653 729 698 oum
744 631 863 698 Avidio
884 633 997 699 Cassio
1020 644 1143 699 secreta
1165 632 1300 699 consilia
1320 629 1362 700 de
1383 635 1520 720 imperio
1542 635 1729 720 usurpando

434 734 545 800 iniisse
566 758 587 800 a
610 735 806 822 quibusdam
827 736 1011 802 insimulata
1033 746 1082 802 est
1103 739 1156 805 vit.
1181 737 1294 802 Marci
1314 742 1367 814 24,
1390 742 1458 802 6-7
1478 765 1520 792 =
1541 737 1595 805 vit.
1618 735 1733 802 Avidii

439 835 546 902 Cassii
568 843 595 915 7,
619 843 648 915 1,
678 837 745 902 Dio
769 843 817 916 71,
839 843 896 905 22.
946 838 1127 922 (Epistulas
1156 837 1336 905 Faustinae
1364 843 1394 904 ct
1424 839 1551 916 Marci,
1581 859 1662 921 oreae
1692 839 1730 904 dr

436 937 603 1004 rebellione
617 939 731 1005 Auidii
752 941 786 1005 in
807 941 875 1005 aito
893 941 960 1006 alfae
981 963 1007 1007 c.
1023 946 1044 1007 9
1058 961 1122 1024 sqq.
1145 941 1336 1020 afferantur,
1359 963 1448 1006 mera
1470 945 1643 1007 cornmmtu
1664 961 1729 1007 osso

436 1040 668 1125 rnptlrtrrstorioi
689 1043 854 1108 cniusdam
876 1048 999 1109 0000101
1021 1045 1104 1110 inter
1127 1046 1253 1126 onrnes.)
1296 1043 1417 1109 Avidio
1439 1065 1592 1130 oppresso
1614 1067 1643 1109 a.
1668 1044 1728 1111 175
1910 1117 1911 1122 1

436 1145 588 1209 maritum
619 1145 652 1210 in
679 1147 834 1212 orientem
865 1147 1018 1212 comitata
1047 1169 1075 1212 a.
1101 1147 1163 1212 176
1189 1149 1223 1211 in
1246 1146 1410 1213 radicibus
1432 1148 1550 1212 montis
1572 1147 1673 1212 Tauri
1695 1149 1726 1211 in

1910 2049 1911 2092 ν

436 1247 509 1312 vico
533 1245 669 1312 Halalae
699 1248 806 1314 subito
836 1259 964 1314 mortua
995 1258 1044 1314 est
1071 1250 1125 1314 rit.
1150 1249 1622 1327 martinummontem
1665 1249 1729 1313 De

375 1409 377 1413 ,
436 1349 566 1414 functae
587 1350 699 1416 Marco
731 1361 860 1437 petente
886 1353 1003 1417 summi
1033 1351 1172 1417 honores
1201 1351 1319 1435 habiti,
1351 1362 1539 1418 consecrata
1567 1363 1616 1416 est
1637 1350 1730 1433 (diva

437 1451 521 1536 Aug.
544 1453 702 1518 Faustina
730 1456 794 1519 sira
822 1453 901 1519 diva
922 1455 1080 1520 Faustina
1108 1455 1163 1541 pia
1183 1455 1309 1538 passim
1331 1456 1365 1519 in
1388 1454 1490 1520 titolis
1510 1452 1727 1537 nummosque),

437 1577 541 1620 novae
570 1553 695 1641 puellae
717 1555 947 1622 Faustinianae
976 1559 1141 1622 institutae
1170 1555 1299 1644 aliaque
1328 1557 1362 1621 id
1391 1579 1494 1641 genus
1523 1557 1655 1622 decreta
1674 1557 1728 1622 atr.

439 1657 552 1724 Marci
569 1663 623 1735 26,
645 1663 722 1736 5-8,
745 1659 811 1724 Dio
834 1666 882 1737 71,
904 1665 955 1726 31.
1006 1660 1137 1726 Marcus
1167 1659 1245 1724 feeit
1273 1659 1433 1724 coloniam
1461 1660 1572 1725 vicum
1602 1659 1635 1722 in
1664 1681 1728 1745 quo

439 1758 520 1825 obiit
533 1761 692 1826 Faustina
710 1771 743 1825 et
765 1761 878 1827 aedem
900 1761 946 1828 illi
971 1763 1118 1828 extruxit
1139 1763 1193 1828 ait.
1210 1761 1323 1828 Marsi
1335 1767 1389 1841 26,
1404 1767 1433 1840 9,
1455 1761 1617 1828 00000011.
1633 1765 1681 1838 11,
1700 1766 1728 1829 7.

435 1861 559 1928 Multae
588 1862 726 1929 fabellae
755 1863 854 1948 vulgo
884 1864 1073 1931 ferebantur
1096 1865 1137 1930 de
1159 1865 1335 1932 Faustinae
1357 1865 1559 1952 impudicitia
1580 1874 1613 1930 et
1638 1861 1728 1929 adul·

438 1966 536 2048 teriis,
559 1987 644 2052 quaa
666 1969 774 2031 omnia
795 1967 926 2034 Marcus
948 1979 1006 2034 aut
1028 1968 1194 2034 nesciebat
1215 1978 1272 2034 aut
1293 1965 1519 2034 dissimulabat
1539 1969 1593 2032 uit.
1618 1967 1731 2032 Marci

435 2073 483 2145 19,
507 2074 592 2148 1-9‚·
612 2073 664 2146 23,
683 2074 719 2147 7;
740 2074 794 2148 26,
810 2075 846 2149 6,·
870 2076 924 2148 29,
945 2075 1020 2149 1-3,
1051 2070 1126 2136 Veri
1143 2076 1194 2148 10,
1211 2077 1241 2136 1.
1256 2076 1286 2149 5,
1308 2069 1440 2148 Dr'o71,
1456 2073 1507 2147 34,
1538 2069 1617 2135 Vnt.
1637 2069 1728 2136 Gaas.

435 2177 484 2249 16,
501 2178 534 2249 2,
558 2171 679 2236 Intian.
702 2171 791 2238 Gaas.
809 2195 846 2256 p.
866 2178 930 2240 429
953 2173 1058 2240 Hertl.
1102 2174 1178 2260 Ipse
1201 2173 1366 2260 praedicat
1389 2193 1524 2239 uxorem
1546 2174 1653 2239 οὑτωσὶ
1674 2173 1727 2258 μὲν

435 2277 595 2362 πειθήνιον,
619 2277 697 2342 οὕτω
717 2277 750 2341 δὲ
765 2276 969 2364 φιλόστοργον,
992 2279 1071 2344 odra
1087 2279 1121 2342 lt
1136 2277 1235 2365 ἀφελῆ
1252 2276 1389 2342 Marcus
1402 2278 1445 2348 εἰς
1459 2275 1565 2342 ἑαυτόν
1579 2280 1608 2352 1,
1623 2279 1674 2341 17.
1688 2309 1727 2319 -

437 2376 638 2442 Mentoratnr
656 2379 691 2442 in
713 2379 856 2462 epistulis
871 2378 984 2444 Marci
1005 2385 1034 2444 ot
1048 2379 1225 2445 Frontonis
1237 2378 1362 2444 Fronto
1371 2402 1407 2462 p.
1420 2383 1471 2444 80.
1487 2383 1538 2444 83.
1553 2381 1605 2446 89.
1621 2383 1671 2444 90.
1688 2383 1728 2444 91

436 2499 619 2563 nasamone
639 2501 765 2546 nomine
788 2501 910 2550 omisso.
1910 2513 1911 2554 ν

500 2583 612 2648 Liberi
626 2583 740 2649 Marci
753 2589 782 2649 et
796 2583 975 2650 Faustinae
994 2589 1068 2668 qnot
1090 2586 1216 2650 omnino
1238 2586 1361 2667 suerint
1382 2585 1559 2668 90000010ον,
1584 2581 1729 2650 tredecim
1910 2637 1911 2664 ,

435 2690 526 2750 notos
547 2685 707 2754 habemns.
752 2686 792 2752 A.
817 2687 879 2753 146
906 2686 1016 2752 Annia
1045 2686 1179 2754 Galeria
1208 2686 1343 2753 Aurelia
1372 2687 1529 2752 Faustina
1558 2695 1635 2750 nata
1663 2694 1728 2766 eet,

437 2785 498 2852 sub
521 2789 649 2854 initium
671 2810 701 2854 a.
726 2788 787 2855 147
813 2789 900 2855 filius
929 2799 1024 2855 natus
1054 2798 1086 2856 et
1113 2790 1208 2876 paulo
1239 2801 1312 2876 post
1340 2799 1487 2855 mortuus
1517 2800 1568 2855 cst
1594 2787 1729 2871 episima

439 2889 551 2956 Marci
572 2891 616 2956 od
636 2891 792 2975 lsplesios
814 2893 892 2958 data
915 2893 944 2958 d.
965 2897 1010 2960 28
1030 2895 1146 2958 nameus
1168 2893 1290 2958 Martii
1318 2915 1348 2958 a.
1369 2897 1431 2957 147
1449 2891 1534 2958 ola
1554 2896 1619 2957 317
1624 2892 1653 2968 b,
1676 2892 1732 2973 quii

437 2993 558 3058 videtin
579 3015 644 3060 asse
665 2995 703 3059 T.
720 2993 834 3060 Aelius
856 2994 1059 3078 Antoninum
1082 2993 1157 3061 dein
1179 2995 1266 3060 filiae
1288 3004 1383 3061 natae
1404 3003 1489 3078 sunt,
1511 2998 1548 3060 nt
1569 2995 1730 3077 audiatur

437 3117 475 3160 aa
496 3097 639 3179 epistulis
655 3098 767 3164 Marci
785 3104 815 3165 et
829 3097 1005 3165 Frontonis
1020 3122 1056 3182 p.
1072 3102 1126 3164 82.
1148 3103 1199 3164 86.
1222 3102 1273 3176 89,
1296 3097 1406 3164 Annia
1420 3095 1557 3181 Lucilla,
1581 3095 1728 3180 (Araiai)

438 3197 574 3282 Fadilla,
591 3199 783 3284 Cornificio,
807 3210 975 3287 praeterea
991 3203 1049 3267 Pio
1065 3202 1141 3266 vivo
1161 3202 1229 3266 nati
1249 3211 1281 3266 et
1294 3204 1414 3266 mermi
1429 3201 1558 3266 sunt'l'.
1573 3198 1728 3265 Aurelius

437 3299 633 3384 Antoninus,
654 3303 692 3367 ’1.
709 3301 823 3368 Aelius
845 3303 1009 3387 Aurelius,
1035 3304 1179 3369 Domitia
1200 3303 1365 3386 Faustina,
1389 3307 1424 3366 nt
1446 3323 1484 3368 aa
1504 3302 1605 3368 titulis
1626 3301 1728 3384 sepa-l-

438 3403 579 3470 cratibus
594 3411 731 3488 apparet
745 3405 796 3472 VI
806 3411 876 3472 993.
894 3412 965 3472 994.
981 3412 1060 3486 995;
1075 3406 1106 3474 d.
1122 3409 1160 3474 sl
1180 3429 1279 3474 mens.
1296 3405 1435 3491 Augusti
1452 3429 1481 3470 a.
1498 3408 1552 3470 161
1571 3404 1729 3469 Faustina

438 3507 564 3592 peperit
592 3507 630 3574 L.
654 3507 823 3573 Aurelium
845 3509 1058 3575 Commodum
1082 3520 1113 3576 et
1135 3509 1337 3575 Antoninum
1365 3510 1511 3592 geminos
1541 3509 1582 3590 ss.
1605 3505 1728 3572 Fronto

436 3629 473 3690 p.
489 3612 568 3687 101,-
589 3631 618 3674 a.
637 3611 698 3676 loe
713 3611 758 3678 M.
775 3611 903 3676 Annius
918 3612 1025 3678 Verus
1041 3621 1135 3678 natus
1151 3623 1208 3695 est,
1232 3613 1386 3677 incertam
1407 3633 1468 3693 qno
1491 3631 1576 3675 anno
1590 3607 1728 3673 Hadria-

440 3733 518 3793 nus,
547 3709 614 3776 filia
642 3722 721 3777 natu
743 3713 877 3778 minima
898 3713 1030 3780 videtur
1051 3714 1151 3780 Vibia
1172 3711 1307 3780 Aurelia
1330 3713 1467 3790 Sabina,
1499 3735 1537 3776 ea
1557 3708 1624 3776 filia
1645 3733 1729 3796 quae

438 3813 574 3878 triennis
593 3814 713 3881 dieitur
735 3814 795 3881 sub
815 3838 936 3881 aunum
959 3818 1027 3882 fere
1043 3818 1105 3883 170
1120 3817 1276 3884 Panosn.
1292 3817 1346 3880 nit.
1362 3814 1586 3898 sepltust.9,1,
1602 3817 1656 3880 27.
1672 3817 1727 3880 28.

374 3916 437 3980 554
458 3923 578 3980 ANNIA
602 3926 762 4001 ITALIOA,
785 3918 822 3983 L.
846 3918 947 3984 Annii
970 3919 1075 3985 Italici
1098 3921 1257 3985 Honorati
1279 3919 1347 3983 filia
1369 3919 1435 3984 III
1451 3923 1542 3982 1071.
1565 3921 1658 3982 1072.

374 4019 436 4083 555
458 4027 579 4083 Auula
601 4029 764 4086 LVGILLA
785 4053 826 4076 =
848 4031 1010 4086 LVOILLA
1031 4031 1213 4087 AVGVSTA.
1252 4021 1385 4086 Nummi
1398 4020 1520 4085 Eolrlrel
1543 4019 1614 4084 VII
1624 4039 1660 4101 p.
1675 4022 1726 4095 98,

439 4119 544 4186 Cotton
572 4122 655 4188 111²
671 4145 707 4206 p.
730 4127 794 4190 216
816 4145 895 4207 sqq,
925 4130 1119 4190 mcrnoratnr
1146 4126 1181 4188 in
1214 4129 1235 4188 t.
1260 4128 1395 4206 propter
1422 4122 1629 4206 pnnpninm
1661 4122 1728 4186 eins

438 4225 558 4290 Iunoni
570 4226 713 4291 lucinae
727 4248 791 4310 pro
808 4227 910 4292 salntc
925 4225 1034 4292 domas
1047 4227 1264 4310 Anpnstornrn
1279 4227 1387 4309 posito
1410 4245 1440 4289 a.
1458 4229 1519 4290 166
1541 4225 1592 4291 VI
1599 4228 1669 4288 360.
1684 4260 1728 4270 -

439 4326 548 4392 Annia
561 4327 690 4393 Lucilla
709 4330 745 4394 in
765 4351 829 4394 imo
849 4329 968 4394 dicitnr
988 4351 1113 4394 nummo
1128 4329 1357 4410 Byzantiorum
1374 4326 1523 4392 Mionnet
1537 4327 1640 4403 1379,
1657 4331 1727 4402 107,

440 4435 574 4495 ceterum
596 4432 631 4494 in
655 4433 792 4496 nammis
813 4429 942 4496 Lucilla
963 4431 1049 4515 Aug.
1073 4431 1121 4496 001
1142 4427 1269 4495 Lucilla
1289 4429 1375 4512 Aug.
1399 4428 1558 4495 Antonini
1579 4428 1664 4512 Aug.
1689 4428 1727 4511 t.;

441 4531 567 4598 Lucilla
588 4532 674 4616 Aug.
699 4539 738 4612 t.;
760 4532 888 4599 Lucilla
910 4535 998 4616 apnd
1017 4535 1195 4617 scriptores.

503 4634 589 4700 Filia
609 4634 655 4700 M.
678 4633 803 4701 Aurelii
826 4634 985 4701 Antonini
1014 4645 1047 4700 et
1075 4635 1202 4700 Anniae
1224 4635 1401 4700 Faustinae
1429 4633 1484 4698 ait.
1508 4633 1622 4699 Marci
1637 4638 1666 4710 7,
1690 4638 1725 4704 7,-

438 4744 492 4814 20,
516 4743 544 4815 6,
567 4739 621 4802 tn't.
646 4738 721 4804 Veri
741 4744 773 4814 2,
789 4744 826 4816 4,·
849 4743 876 4814 7,
896 4744 931 4816 7,·
953 4742 1046 4815 10,1,
1069 4737 1135 4802 Dio
1158 4741 1254 4814 71,1,
1278 4735 1484 4802 Herodianus
1500 4741 1529 4813 1,
1545 4741 1627 4812 3,1,·
1648 4739 1728 4798 nala

439 4841 641 4905 astoircao.
665 4843 734 4905 148.
779 4841 877 4905 Pater
907 4841 1077 4926 imperium
1105 4839 1242 4924 adeptus
1269 4861 1297 4904 a.
1323 4840 1380 4904 161
1407 4859 1479 4902 eam
1500 4838 1540 4904 L.
1558 4837 1646 4903 Vero
1673 4835 1727 4901 de

438 4941 570 5028 spondit
595 4943 650 5009 nr.
673 4942 786 5020 Marci
808 4946 835 5019 7,
861 4947 896 5020 7;
925 4965 954 5008 a
979 4943 1041 5020 164
1062 4941 1192 5020 Marciis
1222 4962 1293 5006 eam
1322 4949 1498 5026 nupturam
1525 4939 1728 5004 commissam
