<?xml version="1.0" encoding="UTF-8"?>
<!DOCTYPE html PUBLIC "-//W3C//DTD XHTML 1.0 Transitional//EN"
    "http://www.w3.org/TR/xhtml1/DTD/xhtml1-transitional.dtd">
<html xmlns="http://www.w3.org/1999/xhtml" xml:lang="en" lang="en">
 <head>
  <title>
</title>
<meta http-equiv="Content-Type" content="text/html;charset=utf-8" />
  <meta name='ocr-system' content='tesseract 3.04.00' />
  <meta name='ocr-capabilities' content='ocr_page ocr_carea ocr_par ocr_line ocrx_word'/>
</head>
<body>
  <div class='ocr_page' id='page_1' title='image "./prosopographiai00dessgoog/prosopographiai00dessgoog_0476.png"; bbox 0 0 3732 5622; ppageno 0'>
   <div class='ocr_carea' id='block_1_1' title="bbox 301 302 1653 370">
    <p class='ocr_par' dir='ltr' id='par_1_1' title="bbox 301 302 1653 370">
     <span class='ocr_line' id='line_1_1' title="bbox 301 302 1653 370; baseline -0.006 0"><span class='ocrx_word' id='word_1_1' title='bbox 301 313 511 370; x_wconf 78' lang='lat' dir='ltr'><strong>CORNELIVS</strong></span> <span class='ocrx_word' id='word_1_2' title='bbox 943 302 1006 368; x_wconf 75' lang='grc'>468</span> <span class='ocrx_word' id='word_1_3' title='bbox 1441 306 1653 364; x_wconf 84' lang='lat' dir='ltr'>CORNELIVS</span> 
     </span>
    </p>
   </div>
   <div class='ocr_carea' id='block_1_2' title="bbox 360 507 1658 4998">
    <p class='ocr_par' dir='ltr' id='par_1_2' title="bbox 360 507 1656 1516">
     <span class='ocr_line' id='line_1_2' title="bbox 364 507 1654 593; baseline -0.007 -16"><span class='ocrx_word' id='word_1_4' title='bbox 364 516 469 576; x_wconf 86' lang='lat' dir='ltr'>antem</span> <span class='ocrx_word' id='word_1_5' title='bbox 483 511 541 576; x_wconf 75' lang='lat' dir='ltr'>aab</span> <span class='ocrx_word' id='word_1_6' title='bbox 561 511 754 593; x_wconf 86' lang='lat' dir='ltr'>Vespasiano</span> <span class='ocrx_word' id='word_1_7' title='bbox 772 529 815 574; x_wconf 88' lang='lat' dir='ltr'>an</span> <span class='ocrx_word' id='word_1_8' title='bbox 827 509 885 572; x_wconf 81' lang='lat' dir='ltr'>srrb</span> <span class='ocrx_word' id='word_1_9' title='bbox 905 508 977 573; x_wconf 81' lang='lat' dir='ltr'>Tito</span> <span class='ocrx_word' id='word_1_10' title='bbox 992 508 1119 589; x_wconf 79' lang='lat' dir='ltr'>sanetas</span> <span class='ocrx_word' id='word_1_11' title='bbox 1140 507 1267 571; x_wconf 87' lang='lat' dir='ltr'>sitnon</span> <span class='ocrx_word' id='word_1_12' title='bbox 1288 507 1391 589; x_wconf 80' lang='lat' dir='ltr'>napis</span> <span class='ocrx_word' id='word_1_13' title='bbox 1413 511 1494 571; x_wconf 91' lang='grc'><strong><em>00070</em></strong></span> <span class='ocrx_word' id='word_1_14' title='bbox 1515 509 1654 569; x_wconf 89' lang='lat' dir='ltr'>statnere</span> 
     </span>
     <span class='ocr_line' id='line_1_3' title="bbox 364 608 1653 696; baseline -0.005 -18"><span class='ocrx_word' id='word_1_15' title='bbox 364 615 436 679; x_wconf 85' lang='lat' dir='ltr'>lieet</span> <span class='ocrx_word' id='word_1_16' title='bbox 456 635 552 696; x_wconf 84' lang='lat' dir='ltr'>qnarn</span> <span class='ocrx_word' id='word_1_17' title='bbox 573 617 680 676; x_wconf 85' lang='lat' dir='ltr'>atram</span> <span class='ocrx_word' id='word_1_18' title='bbox 703 613 849 676; x_wconf 83' lang='lat' dir='ltr'>tribanus</span> <span class='ocrx_word' id='word_1_19' title='bbox 864 609 970 694; x_wconf 88' lang='lat' dir='ltr'>plebis</span> <span class='ocrx_word' id='word_1_20' title='bbox 992 616 1050 674; x_wconf 89' lang='lat' dir='ltr'>ant</span> <span class='ocrx_word' id='word_1_21' title='bbox 1071 610 1183 676; x_wconf 81' lang='lat' dir='ltr'>aedilis</span> <span class='ocrx_word' id='word_1_22' title='bbox 1199 609 1270 675; x_wconf 76' lang='lat' dir='ltr'>Tito</span> <span class='ocrx_word' id='word_1_23' title='bbox 1288 609 1387 690; x_wconf 78' lang='lat' dir='ltr'>faerit</span> <span class='ocrx_word' id='word_1_24' title='bbox 1405 630 1447 673; x_wconf 92' lang='lat' dir='ltr'>an</span> <span class='ocrx_word' id='word_1_25' title='bbox 1465 608 1653 673; x_wconf 85' lang='lat' dir='ltr'>Domitiano</span> 
     </span>
     <span class='ocr_line' id='line_1_4' title="bbox 363 710 1653 800; baseline -0.005 -20"><span class='ocrx_word' id='word_1_26' title='bbox 363 719 548 799; x_wconf 75' lang='lat' dir='ltr'><strong><em>imperante.</em></strong></span> <span class='ocrx_word' id='word_1_27' title='bbox 564 715 709 796; x_wconf 82' lang='lat' dir='ltr'><strong>Praetor,</strong></span> <span class='ocrx_word' id='word_1_28' title='bbox 733 713 972 800; x_wconf 75' lang='lat' dir='ltr'>quindecimvir</span> <span class='ocrx_word' id='word_1_29' title='bbox 990 713 1090 778; x_wconf 84' lang='lat' dir='ltr'>sacris</span> <span class='ocrx_word' id='word_1_30' title='bbox 1110 711 1270 776; x_wconf 88' lang='lat' dir='ltr'>faciundis</span> <span class='ocrx_word' id='word_1_31' title='bbox 1285 733 1370 776; x_wconf 89' lang='lat' dir='ltr'>anno</span> <span class='ocrx_word' id='word_1_32' title='bbox 1386 711 1427 776; x_wconf 91' lang='grc'>88</span> <span class='ocrx_word' id='word_1_33' title='bbox 1444 710 1530 777; x_wconf 87' lang='lat' dir='ltr'>ludis</span> <span class='ocrx_word' id='word_1_34' title='bbox 1544 732 1653 774; x_wconf 87' lang='lat' dir='ltr'>saecu-</span> 
     </span>
     <span class='ocr_line' id='line_1_5' title="bbox 363 813 1655 901; baseline -0.002 -19"><span class='ocrx_word' id='word_1_35' title='bbox 363 817 487 884; x_wconf 81' lang='lat' dir='ltr'>laribus</span> <span class='ocrx_word' id='word_1_36' title='bbox 510 817 615 882; x_wconf 86' lang='lat' dir='ltr'>adfuit</span> <span class='ocrx_word' id='word_1_37' title='bbox 636 819 703 899; x_wconf 90' lang='lat' dir='ltr'>ipse</span> <span class='ocrx_word' id='word_1_38' title='bbox 725 839 756 881; x_wconf 92' lang='lat' dir='ltr'>a.</span> <span class='ocrx_word' id='word_1_39' title='bbox 780 821 828 893; x_wconf 86' lang='lat'>11,</span> <span class='ocrx_word' id='word_1_40' title='bbox 851 821 900 884; x_wconf 92' lang='lat'>11.</span> <span class='ocrx_word' id='word_1_41' title='bbox 953 817 1017 880; x_wconf 92' lang='lat' dir='ltr'>Per</span> <span class='ocrx_word' id='word_1_42' title='bbox 1038 815 1289 901; x_wconf 81' lang='lat' dir='ltr'>quadriennium</span> <span class='ocrx_word' id='word_1_43' title='bbox 1318 815 1420 880; x_wconf 87' lang='lat' dir='ltr'>Roma</span> <span class='ocrx_word' id='word_1_44' title='bbox 1446 813 1562 878; x_wconf 79' lang='lat' dir='ltr'>absens</span> <span class='ocrx_word' id='word_1_45' title='bbox 1592 815 1655 880; x_wconf 87' lang='lat' dir='ltr'>fuit</span> 
     </span>
     <span class='ocr_line' id='line_1_6' title="bbox 363 916 1654 1004; baseline -0.003 -18"><span class='ocrx_word' id='word_1_46' title='bbox 363 919 597 1004; x_wconf 69' lang='lat' dir='ltr'>(probabiliter,</span> <span class='ocrx_word' id='word_1_47' title='bbox 620 925 656 984; x_wconf 89' lang='lat' dir='ltr'>nt</span> <span class='ocrx_word' id='word_1_48' title='bbox 677 921 862 1002; x_wconf 87' lang='lat' dir='ltr'>praetorias</span> <span class='ocrx_word' id='word_1_49' title='bbox 876 919 1079 1001; x_wconf 78' lang='lat' dir='ltr'>prouinciam</span> <span class='ocrx_word' id='word_1_50' title='bbox 1099 917 1339 982; x_wconf 76' lang='lat' dir='ltr'>administraret</span> <span class='ocrx_word' id='word_1_51' title='bbox 1355 916 1404 981; x_wconf 86' lang='lat' dir='ltr'>vel</span> <span class='ocrx_word' id='word_1_52' title='bbox 1426 917 1542 999; x_wconf 84' lang='lat' dir='ltr'>tepioni</span> <span class='ocrx_word' id='word_1_53' title='bbox 1556 939 1654 1001; x_wconf 88' lang='lat' dir='ltr'>prae-</span> 
     </span>
     <span class='ocr_line' id='line_1_7' title="bbox 364 1019 1654 1110; baseline -0.003 -22"><span class='ocrx_word' id='word_1_54' title='bbox 364 1028 471 1110; x_wconf 85' lang='lat' dir='ltr'>esset),</span> <span class='ocrx_word' id='word_1_55' title='bbox 495 1045 569 1087; x_wconf 89' lang='lat' dir='ltr'>cum</span> <span class='ocrx_word' id='word_1_56' title='bbox 596 1022 750 1106; x_wconf 80' lang='lat' dir='ltr'>Agricola</span> <span class='ocrx_word' id='word_1_57' title='bbox 778 1031 959 1086; x_wconf 85' lang='lat' dir='ltr'>moreretur</span> <span class='ocrx_word' id='word_1_58' title='bbox 985 1022 1081 1105; x_wconf 87' lang='lat' dir='ltr'>(anno</span> <span class='ocrx_word' id='word_1_59' title='bbox 1106 1019 1174 1104; x_wconf 87' lang='lat'><strong><em>93),</em></strong></span> <span class='ocrx_word' id='word_1_60' title='bbox 1207 1019 1262 1084; x_wconf 90' lang='lat' dir='ltr'>sed</span> <span class='ocrx_word' id='word_1_61' title='bbox 1293 1028 1368 1084; x_wconf 87' lang='lat' dir='ltr'>ante</span> <span class='ocrx_word' id='word_1_62' title='bbox 1397 1019 1493 1084; x_wconf 84' lang='lat' dir='ltr'>finem</span> <span class='ocrx_word' id='word_1_63' title='bbox 1526 1022 1654 1107; x_wconf 88' lang='lat' dir='ltr'>imperii</span> 
     </span>
     <span class='ocr_line' id='line_1_8' title="bbox 362 1121 1653 1206; baseline -0.002 -15"><span class='ocrx_word' id='word_1_64' title='bbox 362 1125 541 1192; x_wconf 90' lang='lat' dir='ltr'>Domitiani</span> <span class='ocrx_word' id='word_1_65' title='bbox 567 1127 601 1190; x_wconf 89' lang='lat' dir='ltr'>iu</span> <span class='ocrx_word' id='word_1_66' title='bbox 628 1125 741 1190; x_wconf 89' lang='lat' dir='ltr'>urbem</span> <span class='ocrx_word' id='word_1_67' title='bbox 767 1123 864 1188; x_wconf 92' lang='lat' dir='ltr'>rediit</span> <span class='ocrx_word' id='word_1_68' title='bbox 886 1123 1118 1206; x_wconf 69' lang='grc'><strong><em>7030019045.</em></strong></span> <span class='ocrx_word' id='word_1_69' title='bbox 1160 1121 1282 1187; x_wconf 87' lang='lat' dir='ltr'>Consul</span> <span class='ocrx_word' id='word_1_70' title='bbox 1305 1123 1486 1206; x_wconf 85' lang='lat' dir='ltr'>(suffectus)</span> <span class='ocrx_word' id='word_1_71' title='bbox 1508 1145 1593 1186; x_wconf 89' lang='lat' dir='ltr'>anno</span> <span class='ocrx_word' id='word_1_72' title='bbox 1613 1124 1653 1189; x_wconf 88' lang='grc'>97</span> 
     </span>
     <span class='ocr_line' id='line_1_9' title="bbox 360 1224 1656 1314; baseline -0.002 -21"><span class='ocrx_word' id='word_1_73' title='bbox 360 1228 490 1314; x_wconf 88' lang='lat' dir='ltr'>publice</span> <span class='ocrx_word' id='word_1_74' title='bbox 511 1227 657 1293; x_wconf 87' lang='lat' dir='ltr'>laudavit</span> <span class='ocrx_word' id='word_1_75' title='bbox 674 1227 867 1309; x_wconf 89' lang='lat' dir='ltr'>Verginium</span> <span class='ocrx_word' id='word_1_76' title='bbox 893 1224 1014 1291; x_wconf 83' lang='lat' dir='ltr'>Rufum</span> <span class='ocrx_word' id='word_1_77' title='bbox 1032 1224 1119 1290; x_wconf 83' lang='lat' dir='ltr'>Ptin.</span> <span class='ocrx_word' id='word_1_78' title='bbox 1137 1227 1225 1308; x_wconf 77' lang='lat' dir='ltr'>epist.</span> <span class='ocrx_word' id='word_1_79' title='bbox 1242 1231 1275 1301; x_wconf 83' lang='lat'>2,</span> <span class='ocrx_word' id='word_1_80' title='bbox 1289 1232 1318 1302; x_wconf 89' lang='lat'>1,</span> <span class='ocrx_word' id='word_1_81' title='bbox 1331 1230 1352 1290; x_wconf 84' lang='lat'><strong><em>6</em></strong></span> <span class='ocrx_word' id='word_1_82' title='bbox 1367 1225 1408 1306; x_wconf 79' lang='lat' dir='ltr'>as.</span> <span class='ocrx_word' id='word_1_83' title='bbox 1428 1245 1509 1307; x_wconf 84' lang='lat' dir='ltr'>qnae</span> <span class='ocrx_word' id='word_1_84' title='bbox 1526 1228 1656 1309; x_wconf 79' lang='lat' dir='ltr'>erposni</span> 
     </span>
     <span class='ocr_line' id='line_1_10' title="bbox 362 1326 1654 1410; baseline 0 -14"><span class='ocrx_word' id='word_1_85' title='bbox 362 1330 568 1397; x_wconf 85' lang='lat' dir='ltr'>Rbeiniscbes</span> <span class='ocrx_word' id='word_1_86' title='bbox 596 1331 743 1396; x_wconf 86' lang='lat' dir='ltr'>Masenn</span> <span class='ocrx_word' id='word_1_87' title='bbox 772 1328 924 1394; x_wconf 81' lang='lat' dir='ltr'><strong><em>XLIII]</em></strong></span> <span class='ocrx_word' id='word_1_88' title='bbox 947 1326 1055 1410; x_wconf 83' lang='grc'>(1889)</span> <span class='ocrx_word' id='word_1_89' title='bbox 1083 1349 1117 1410; x_wconf 90' lang='lat' dir='ltr'>p.</span> <span class='ocrx_word' id='word_1_90' title='bbox 1140 1331 1205 1393; x_wconf 87' lang='grc'>273</span> <span class='ocrx_word' id='word_1_91' title='bbox 1226 1348 1290 1410; x_wconf 81' lang='lat' dir='ltr'>sqq.</span> <span class='ocrx_word' id='word_1_92' title='bbox 1297 1347 1307 1405; x_wconf 93' lang='lat'>,·</span> <span class='ocrx_word' id='word_1_93' title='bbox 1341 1327 1519 1392; x_wconf 88' lang='lat' dir='ltr'>consularis</span> <span class='ocrx_word' id='word_1_94' title='bbox 1543 1329 1654 1396; x_wconf 81' lang='lat' dir='ltr'>Sidon.</span> 
     </span>
     <span class='ocr_line' id='line_1_11' title="bbox 363 1429 1450 1516; baseline -0.003 -18"><span class='ocrx_word' id='word_1_95' title='bbox 363 1433 471 1516; x_wconf 81' lang='lat' dir='ltr'>Apoll.</span> <span class='ocrx_word' id='word_1_96' title='bbox 494 1435 630 1516; x_wconf 63' lang='lat' dir='ltr'>epistt,</span> <span class='ocrx_word' id='word_1_97' title='bbox 650 1437 744 1508; x_wconf 94' lang='grc'><strong><em>14,1.</em></strong></span> <span class='ocrx_word' id='word_1_98' title='bbox 783 1431 963 1496; x_wconf 88' lang='lat' dir='ltr'>Proconsul</span> <span class='ocrx_word' id='word_1_99' title='bbox 986 1429 1098 1512; x_wconf 84' lang='lat' dir='ltr'>(Asiae</span> <span class='ocrx_word' id='word_1_100' title='bbox 1122 1429 1182 1495; x_wconf 91' lang='lat' dir='ltr'>sub</span> <span class='ocrx_word' id='word_1_101' title='bbox 1205 1431 1359 1510; x_wconf 87' lang='lat' dir='ltr'>Traiano)</span> <span class='ocrx_word' id='word_1_102' title='bbox 1383 1435 1404 1494; x_wconf 92' lang='lat' dir='ltr'>t.</span> <span class='ocrx_word' id='word_1_103' title='bbox 1420 1436 1450 1495; x_wconf 86' lang='lat'>1.</span> 
     </span>
    </p>

    <p class='ocr_par' dir='ltr' id='par_1_3' title="bbox 363 1531 1656 2121">
     <span class='ocr_line' id='line_1_12' title="bbox 427 1531 1654 1619; baseline -0.002 -19"><span class='ocrx_word' id='word_1_104' title='bbox 427 1535 569 1600; x_wconf 84' lang='lat' dir='ltr'>Auditor</span> <span class='ocrx_word' id='word_1_105' title='bbox 598 1535 643 1602; x_wconf 89' lang='lat' dir='ltr'>M.</span> <span class='ocrx_word' id='word_1_106' title='bbox 673 1533 754 1619; x_wconf 87' lang='lat' dir='ltr'>Apri</span> <span class='ocrx_word' id='word_1_107' title='bbox 785 1543 819 1597; x_wconf 89' lang='lat' dir='ltr'>et</span> <span class='ocrx_word' id='word_1_108' title='bbox 847 1532 922 1598; x_wconf 92' lang='lat' dir='ltr'>Iulii</span> <span class='ocrx_word' id='word_1_109' title='bbox 953 1532 1111 1609; x_wconf 86' lang='lat' dir='ltr'>Secundi,</span> <span class='ocrx_word' id='word_1_110' title='bbox 1143 1555 1223 1617; x_wconf 88' lang='lat' dir='ltr'>quos</span> <span class='ocrx_word' id='word_1_111' title='bbox 1254 1533 1287 1596; x_wconf 92' lang='lat' dir='ltr'>in</span> <span class='ocrx_word' id='word_1_112' title='bbox 1316 1531 1444 1597; x_wconf 88' lang='lat' dir='ltr'>iudiciis</span> <span class='ocrx_word' id='word_1_113' title='bbox 1474 1554 1542 1598; x_wconf 90' lang='lat' dir='ltr'>non·</span> <span class='ocrx_word' id='word_1_114' title='bbox 1560 1533 1654 1598; x_wconf 87' lang='lat' dir='ltr'>modo</span> 
     </span>
     <span class='ocr_line' id='line_1_13' title="bbox 363 1633 1656 1722; baseline -0.002 -20"><span class='ocrx_word' id='word_1_115' title='bbox 363 1637 506 1704; x_wconf 87' lang='lat' dir='ltr'>studiose</span> <span class='ocrx_word' id='word_1_116' title='bbox 535 1635 704 1718; x_wconf 79' lang='lat' dir='ltr'>audiebat,</span> <span class='ocrx_word' id='word_1_117' title='bbox 735 1634 792 1701; x_wconf 88' lang='lat' dir='ltr'>sed</span> <span class='ocrx_word' id='word_1_118' title='bbox 815 1635 902 1700; x_wconf 90' lang='lat' dir='ltr'>domi</span> <span class='ocrx_word' id='word_1_119' title='bbox 926 1657 1056 1722; x_wconf 89' lang='lat' dir='ltr'>quoque</span> <span class='ocrx_word' id='word_1_120' title='bbox 1078 1646 1110 1699; x_wconf 90' lang='lat' dir='ltr'>et</span> <span class='ocrx_word' id='word_1_121' title='bbox 1131 1635 1166 1698; x_wconf 93' lang='lat' dir='ltr'>in</span> <span class='ocrx_word' id='word_1_122' title='bbox 1188 1634 1317 1719; x_wconf 92' lang='lat' dir='ltr'>publico</span> <span class='ocrx_word' id='word_1_123' title='bbox 1339 1633 1568 1700; x_wconf 88' lang='lat' dir='ltr'>adsectabatur</span> <span class='ocrx_word' id='word_1_124' title='bbox 1590 1637 1656 1719; x_wconf 85' lang='lat' dir='ltr'>ipse</span> 
     </span>
     <span class='ocr_line' id='line_1_14' title="bbox 364 1735 1655 1823; baseline -0.002 -19"><span class='ocrx_word' id='word_1_125' title='bbox 364 1739 441 1804; x_wconf 88' lang='lat' dir='ltr'>dial.</span> <span class='ocrx_word' id='word_1_126' title='bbox 458 1743 499 1816; x_wconf 91' lang='grc'>2;</span> <span class='ocrx_word' id='word_1_127' title='bbox 522 1737 648 1802; x_wconf 89' lang='lat' dir='ltr'>Plinius</span> <span class='ocrx_word' id='word_1_128' title='bbox 664 1736 926 1802; x_wconf 86' lang='lat' dir='ltr'>adulescentulus</span> <span class='ocrx_word' id='word_1_129' title='bbox 942 1759 1026 1818; x_wconf 89' lang='lat' dir='ltr'>eum,</span> <span class='ocrx_word' id='word_1_130' title='bbox 1047 1758 1120 1801; x_wconf 89' lang='lat' dir='ltr'>cum</span> <span class='ocrx_word' id='word_1_131' title='bbox 1139 1738 1204 1800; x_wconf 91' lang='lat' dir='ltr'>iam</span> <span class='ocrx_word' id='word_1_132' title='bbox 1219 1736 1307 1801; x_wconf 89' lang='lat' dir='ltr'>fama</span> <span class='ocrx_word' id='word_1_133' title='bbox 1327 1735 1494 1823; x_wconf 86' lang='lat' dir='ltr'>gloriaque</span> <span class='ocrx_word' id='word_1_134' title='bbox 1516 1737 1655 1810; x_wconf 81' lang='lat' dir='ltr'>floreret,</span> 
     </span>
     <span class='ocr_line' id='line_1_15' title="bbox 363 1838 1655 1927; baseline 0 -23"><span class='ocrx_word' id='word_1_135' title='bbox 363 1843 454 1927; x_wconf 88' lang='lat' dir='ltr'>sequi</span> <span class='ocrx_word' id='word_1_136' title='bbox 471 1840 597 1905; x_wconf 79' lang='lat' dir='ltr'>studuit</span> <span class='ocrx_word' id='word_1_137' title='bbox 610 1838 698 1906; x_wconf 87' lang='lat' dir='ltr'>Ptin.</span> <span class='ocrx_word' id='word_1_138' title='bbox 712 1841 802 1922; x_wconf 87' lang='lat' dir='ltr'>epist.</span> <span class='ocrx_word' id='word_1_139' title='bbox 818 1845 847 1916; x_wconf 93' lang='lat'>7,</span> <span class='ocrx_word' id='word_1_140' title='bbox 863 1843 917 1916; x_wconf 88' lang='grc'>20,</span> <span class='ocrx_word' id='word_1_141' title='bbox 933 1845 971 1916; x_wconf 89' lang='grc'>4,·</span> <span class='ocrx_word' id='word_1_142' title='bbox 994 1839 1142 1904; x_wconf 90' lang='lat' dir='ltr'>laudator</span> <span class='ocrx_word' id='word_1_143' title='bbox 1157 1838 1437 1924; x_wconf 88' lang='lat' dir='ltr'>eloquentissimus</span> <span class='ocrx_word' id='word_1_144' title='bbox 1453 1841 1518 1906; x_wconf 86' lang='lat' dir='ltr'>ibd.</span> <span class='ocrx_word' id='word_1_145' title='bbox 1532 1847 1565 1920; x_wconf 89' lang='grc'>2,</span> <span class='ocrx_word' id='word_1_146' title='bbox 1581 1848 1610 1918; x_wconf 93' lang='grc'>1,</span> <span class='ocrx_word' id='word_1_147' title='bbox 1625 1847 1655 1918; x_wconf 98' lang='grc'>6,</span> 
     </span>
     <span class='ocr_line' id='line_1_16' title="bbox 364 1941 1655 2028; baseline 0.001 -21"><span class='ocrx_word' id='word_1_148' title='bbox 364 1951 480 2028; x_wconf 81' lang='grc' dir='ltr'>σεμνῶς</span> <span class='ocrx_word' id='word_1_149' title='bbox 494 1941 602 2008; x_wconf 88' lang='lat' dir='ltr'>dicere</span> <span class='ocrx_word' id='word_1_150' title='bbox 625 1944 781 2006; x_wconf 83' lang='lat' dir='ltr'>eximium</span> <span class='ocrx_word' id='word_1_151' title='bbox 797 1943 934 2007; x_wconf 88' lang='lat' dir='ltr'>orationi</span> <span class='ocrx_word' id='word_1_152' title='bbox 958 1943 1026 2006; x_wconf 90' lang='lat' dir='ltr'>eius</span> <span class='ocrx_word' id='word_1_153' title='bbox 1050 1943 1155 2006; x_wconf 86' lang='lat' dir='ltr'>inerat</span> <span class='ocrx_word' id='word_1_154' title='bbox 1170 1942 1234 2008; x_wconf 90' lang='lat' dir='ltr'>ibd.</span> <span class='ocrx_word' id='word_1_155' title='bbox 1249 1947 1282 2020; x_wconf 88' lang='grc'>2,</span> <span class='ocrx_word' id='word_1_156' title='bbox 1299 1947 1348 2014; x_wconf 89' lang='grc'>11,</span> <span class='ocrx_word' id='word_1_157' title='bbox 1365 1947 1414 2008; x_wconf 94' lang='lat'>17.</span> <span class='ocrx_word' id='word_1_158' title='bbox 1449 1942 1532 2008; x_wconf 83' lang='lat' dir='ltr'>Cum</span> <span class='ocrx_word' id='word_1_159' title='bbox 1548 1942 1655 2008; x_wconf 91' lang='lat' dir='ltr'>Plinio</span> 
     </span>
     <span class='ocr_line' id='line_1_17' title="bbox 364 2045 1356 2121; baseline -0.001 -11"><span class='ocrx_word' id='word_1_160' title='bbox 364 2068 449 2111; x_wconf 86' lang='lat' dir='ltr'>anno</span> <span class='ocrx_word' id='word_1_161' title='bbox 471 2045 540 2109; x_wconf 83' lang='lat' dir='ltr'>iere</span> <span class='ocrx_word' id='word_1_162' title='bbox 563 2047 625 2110; x_wconf 89' lang='lat'>100</span> <span class='ocrx_word' id='word_1_163' title='bbox 646 2045 787 2109; x_wconf 87' lang='lat' dir='ltr'>Marium</span> <span class='ocrx_word' id='word_1_164' title='bbox 811 2045 960 2108; x_wconf 89' lang='lat' dir='ltr'>Priscum</span> <span class='ocrx_word' id='word_1_165' title='bbox 983 2047 1149 2110; x_wconf 85' lang='lat' dir='ltr'>accusarit</span> <span class='ocrx_word' id='word_1_166' title='bbox 1170 2045 1356 2121; x_wconf 68' lang='grc'><strong><em>7007211.</em></strong></span> 
     </span>
    </p>

    <p class='ocr_par' dir='ltr' id='par_1_4' title="bbox 364 2146 1657 2640">
     <span class='ocr_line' id='line_1_18' title="bbox 428 2146 1656 2229; baseline 0.004 -19"><span class='ocrx_word' id='word_1_167' title='bbox 428 2147 563 2212; x_wconf 88' lang='lat' dir='ltr'>Amicus</span> <span class='ocrx_word' id='word_1_168' title='bbox 586 2146 682 2211; x_wconf 88' lang='lat' dir='ltr'>Fabii</span> <span class='ocrx_word' id='word_1_169' title='bbox 704 2148 796 2222; x_wconf 83' lang='lat' dir='ltr'>Iusti,</span> <span class='ocrx_word' id='word_1_170' title='bbox 819 2149 870 2211; x_wconf 90' lang='lat' dir='ltr'>cui</span> <span class='ocrx_word' id='word_1_171' title='bbox 894 2146 1060 2212; x_wconf 86' lang='lat' dir='ltr'>dedicavit</span> <span class='ocrx_word' id='word_1_172' title='bbox 1080 2146 1245 2229; x_wconf 86' lang='lat' dir='ltr'>dialogum</span> <span class='ocrx_word' id='word_1_173' title='bbox 1269 2147 1309 2212; x_wconf 94' lang='lat' dir='ltr'>de</span> <span class='ocrx_word' id='word_1_174' title='bbox 1333 2148 1516 2213; x_wconf 85' lang='lat' dir='ltr'>oratoribus</span> <span class='ocrx_word' id='word_1_175' title='bbox 1532 2149 1610 2214; x_wconf 87' lang='lat' dir='ltr'>dial.</span> <span class='ocrx_word' id='word_1_176' title='bbox 1626 2156 1656 2227; x_wconf 92' lang='lat'>1,</span> 
     </span>
     <span class='ocr_line' id='line_1_19' title="bbox 364 2248 1657 2332; baseline 0.001 -17"><span class='ocrx_word' id='word_1_177' title='bbox 364 2250 471 2315; x_wconf 91' lang='lat' dir='ltr'>Asinii</span> <span class='ocrx_word' id='word_1_178' title='bbox 486 2251 561 2314; x_wconf 89' lang='lat' dir='ltr'>Rufi</span> <span class='ocrx_word' id='word_1_179' title='bbox 578 2249 666 2314; x_wconf 88' lang='lat' dir='ltr'>Plin.</span> <span class='ocrx_word' id='word_1_180' title='bbox 679 2251 767 2332; x_wconf 90' lang='lat' dir='ltr'>epist.</span> <span class='ocrx_word' id='word_1_181' title='bbox 780 2255 809 2325; x_wconf 87' lang='grc'>4,</span> <span class='ocrx_word' id='word_1_182' title='bbox 822 2255 921 2326; x_wconf 89' lang='grc'><strong><em>15,1,·</em></strong></span> <span class='ocrx_word' id='word_1_183' title='bbox 940 2271 1015 2314; x_wconf 88' lang='lat' dir='ltr'>cum</span> <span class='ocrx_word' id='word_1_184' title='bbox 1030 2248 1137 2314; x_wconf 91' lang='lat' dir='ltr'>Plinio</span> <span class='ocrx_word' id='word_1_185' title='bbox 1152 2249 1370 2314; x_wconf 83' lang='lat' dir='ltr'>familiaritate</span> <span class='ocrx_word' id='word_1_186' title='bbox 1385 2259 1418 2314; x_wconf 87' lang='lat' dir='ltr'>et</span> <span class='ocrx_word' id='word_1_187' title='bbox 1432 2253 1657 2316; x_wconf 87' lang='lat' dir='ltr'>communione</span> 
     </span>
     <span class='ocr_line' id='line_1_20' title="bbox 364 2350 1655 2438; baseline 0.002 -22"><span class='ocrx_word' id='word_1_188' title='bbox 364 2350 545 2417; x_wconf 88' lang='lat' dir='ltr'>studiorum</span> <span class='ocrx_word' id='word_1_189' title='bbox 560 2355 752 2416; x_wconf 88' lang='lat' dir='ltr'>coniunctus</span> <span class='ocrx_word' id='word_1_190' title='bbox 769 2351 832 2417; x_wconf 80' lang='lat' dir='ltr'>na.</span> <span class='ocrx_word' id='word_1_191' title='bbox 848 2357 877 2428; x_wconf 93' lang='lat'>7,</span> <span class='ocrx_word' id='word_1_192' title='bbox 894 2357 955 2430; x_wconf 86' lang='grc'>20;</span> <span class='ocrx_word' id='word_1_193' title='bbox 976 2357 1005 2428; x_wconf 90' lang='grc'>9,</span> <span class='ocrx_word' id='word_1_194' title='bbox 1022 2357 1084 2430; x_wconf 88' lang='grc'><strong><em>23;</em></strong></span> <span class='ocrx_word' id='word_1_195' title='bbox 1103 2351 1229 2417; x_wconf 90' lang='lat' dir='ltr'>Plinius</span> <span class='ocrx_word' id='word_1_196' title='bbox 1251 2353 1382 2437; x_wconf 85' lang='lat' dir='ltr'>scripsit</span> <span class='ocrx_word' id='word_1_197' title='bbox 1404 2352 1446 2417; x_wconf 92' lang='lat' dir='ltr'>ad</span> <span class='ocrx_word' id='word_1_198' title='bbox 1469 2375 1541 2418; x_wconf 88' lang='lat' dir='ltr'>cum</span> <span class='ocrx_word' id='word_1_199' title='bbox 1565 2357 1655 2438; x_wconf 86' lang='lat' dir='ltr'>epist.</span> 
     </span>
     <span class='ocr_line' id='line_1_21' title="bbox 365 2454 1656 2538; baseline 0.002 -20"><span class='ocrx_word' id='word_1_200' title='bbox 365 2461 394 2538; x_wconf 92' lang='lat'>1,</span> <span class='ocrx_word' id='word_1_201' title='bbox 419 2459 447 2524; x_wconf 88' lang='grc'><strong><em>6.</em></strong></span> <span class='ocrx_word' id='word_1_202' title='bbox 469 2459 531 2534; x_wconf 83' lang='grc'><strong><em>20,·</em></strong></span> <span class='ocrx_word' id='word_1_203' title='bbox 553 2460 581 2531; x_wconf 83' lang='grc'>4,</span> <span class='ocrx_word' id='word_1_204' title='bbox 606 2459 664 2531; x_wconf 89' lang='grc'><strong><em>13;</em></strong></span> <span class='ocrx_word' id='word_1_205' title='bbox 686 2461 714 2531; x_wconf 89' lang='grc'>6,</span> <span class='ocrx_word' id='word_1_206' title='bbox 737 2459 766 2518; x_wconf 85' lang='grc'><strong><em>9.</em></strong></span> <span class='ocrx_word' id='word_1_207' title='bbox 788 2460 837 2519; x_wconf 89' lang='grc'><strong><em>16.</em></strong></span> <span class='ocrx_word' id='word_1_208' title='bbox 854 2460 916 2532; x_wconf 87' lang='grc'><strong><em>2();</em></strong></span> <span class='ocrx_word' id='word_1_209' title='bbox 938 2461 967 2530; x_wconf 89' lang='grc'>7,</span> <span class='ocrx_word' id='word_1_210' title='bbox 984 2459 1109 2532; x_wconf 84' lang='grc' dir='ltr'><strong><em>2θ.33;</em></strong></span> <span class='ocrx_word' id='word_1_211' title='bbox 1130 2457 1161 2532; x_wconf 86' lang='grc'><strong><em>8,</em></strong></span> <span class='ocrx_word' id='word_1_212' title='bbox 1179 2459 1216 2532; x_wconf 89' lang='grc'>7;</span> <span class='ocrx_word' id='word_1_213' title='bbox 1238 2459 1334 2532; x_wconf 88' lang='lat' dir='ltr'>9,1a.</span> <span class='ocrx_word' id='word_1_214' title='bbox 1351 2461 1399 2522; x_wconf 89' lang='grc'><strong><em>14.</em></strong></span> <span class='ocrx_word' id='word_1_215' title='bbox 1439 2454 1519 2520; x_wconf 84' lang='lat' dir='ltr'>Cam</span> <span class='ocrx_word' id='word_1_216' title='bbox 1543 2456 1656 2520; x_wconf 83' lang='lat' dir='ltr'>Plinio</span> 
     </span>
     <span class='ocr_line' id='line_1_22' title="bbox 364 2556 1656 2640; baseline 0 -17"><span class='ocrx_word' id='word_1_217' title='bbox 364 2559 502 2640; x_wconf 72' lang='lat' dir='ltr'>fortasse</span> <span class='ocrx_word' id='word_1_218' title='bbox 515 2562 710 2621; x_wconf 84' lang='lat' dir='ltr'>memoratur</span> <span class='ocrx_word' id='word_1_219' title='bbox 724 2557 806 2621; x_wconf 89' lang='lat' dir='ltr'>inter</span> <span class='ocrx_word' id='word_1_220' title='bbox 821 2556 995 2640; x_wconf 79' lang='lat' dir='ltr'>lepatarios</span> <span class='ocrx_word' id='word_1_221' title='bbox 1008 2556 1162 2622; x_wconf 85' lang='lat' dir='ltr'>Dasnmii</span> <span class='ocrx_word' id='word_1_222' title='bbox 1176 2562 1197 2620; x_wconf 93' lang='lat' dir='ltr'>t.</span> <span class='ocrx_word' id='word_1_223' title='bbox 1213 2562 1238 2622; x_wconf 89' lang='grc'><strong><em>2</em></strong></span> <span class='ocrx_word' id='word_1_224' title='bbox 1254 2559 1291 2639; x_wconf 74' lang='lat' dir='ltr'>es.</span> <span class='ocrx_word' id='word_1_225' title='bbox 1311 2557 1401 2622; x_wconf 89' lang='lat' dir='ltr'>Ptin.</span> <span class='ocrx_word' id='word_1_226' title='bbox 1417 2562 1506 2640; x_wconf 80' lang='lat' dir='ltr'>epist.</span> <span class='ocrx_word' id='word_1_227' title='bbox 1520 2564 1547 2635; x_wconf 90' lang='lat'>7,</span> <span class='ocrx_word' id='word_1_228' title='bbox 1560 2564 1613 2635; x_wconf 82' lang='lat'>20,</span> <span class='ocrx_word' id='word_1_229' title='bbox 1625 2564 1656 2623; x_wconf 89' lang='grc'>6.</span> 
     </span>
    </p>

    <p class='ocr_par' dir='ltr' id='par_1_5' title="bbox 361 2660 1658 4794">
     <span class='ocr_line' id='line_1_23' title="bbox 428 2660 1657 2746; baseline 0 -22"><span class='ocrx_word' id='word_1_230' title='bbox 428 2660 607 2746; x_wconf 88' lang='lat' dir='ltr'>Postquam</span> <span class='ocrx_word' id='word_1_231' title='bbox 628 2683 687 2746; x_wconf 88' lang='lat' dir='ltr'>per</span> <span class='ocrx_word' id='word_1_232' title='bbox 709 2670 811 2725; x_wconf 88' lang='lat' dir='ltr'>totum</span> <span class='ocrx_word' id='word_1_233' title='bbox 835 2661 960 2746; x_wconf 87' lang='lat' dir='ltr'>imperii</span> <span class='ocrx_word' id='word_1_234' title='bbox 986 2660 1165 2724; x_wconf 91' lang='lat' dir='ltr'>Domitiani</span> <span class='ocrx_word' id='word_1_235' title='bbox 1192 2662 1332 2746; x_wconf 89' lang='lat' dir='ltr'>spatium</span> <span class='ocrx_word' id='word_1_236' title='bbox 1354 2660 1473 2726; x_wconf 89' lang='lat' dir='ltr'>librum</span> <span class='ocrx_word' id='word_1_237' title='bbox 1495 2663 1527 2724; x_wconf 90' lang='lat' dir='ltr'>iu</span> <span class='ocrx_word' id='word_1_238' title='bbox 1551 2660 1657 2746; x_wconf 90' lang='lat' dir='ltr'>publi-</span> 
     </span>
     <span class='ocr_line' id='line_1_24' title="bbox 364 2762 1657 2848; baseline 0 -22"><span class='ocrx_word' id='word_1_239' title='bbox 364 2785 439 2827; x_wconf 92' lang='lat' dir='ltr'>cum</span> <span class='ocrx_word' id='word_1_240' title='bbox 469 2783 533 2828; x_wconf 90' lang='lat' dir='ltr'>non</span> <span class='ocrx_word' id='word_1_241' title='bbox 564 2763 685 2844; x_wconf 90' lang='lat' dir='ltr'>emisit,</span> <span class='ocrx_word' id='word_1_242' title='bbox 716 2773 789 2848; x_wconf 91' lang='lat' dir='ltr'>post</span> <span class='ocrx_word' id='word_1_243' title='bbox 818 2784 988 2827; x_wconf 80' lang='lat' dir='ltr'>excessum</span> <span class='ocrx_word' id='word_1_244' title='bbox 1017 2763 1147 2827; x_wconf 86' lang='lat' dir='ltr'>Nervae</span> <span class='ocrx_word' id='word_1_245' title='bbox 1176 2784 1261 2827; x_wconf 88' lang='lat' dir='ltr'>auno</span> <span class='ocrx_word' id='word_1_246' title='bbox 1290 2764 1332 2828; x_wconf 88' lang='grc'>98</span> <span class='ocrx_word' id='word_1_247' title='bbox 1361 2765 1462 2828; x_wconf 84' lang='lat' dir='ltr'>vitam</span> <span class='ocrx_word' id='word_1_248' title='bbox 1491 2762 1551 2830; x_wconf 85' lang='lat' dir='ltr'>Cn.</span> <span class='ocrx_word' id='word_1_249' title='bbox 1580 2762 1657 2828; x_wconf 93' lang='lat' dir='ltr'>Iulii</span> 
     </span>
     <span class='ocr_line' id='line_1_25' title="bbox 364 2864 1657 2952; baseline 0.001 -23"><span class='ocrx_word' id='word_1_250' title='bbox 364 2864 539 2948; x_wconf 87' lang='lat' dir='ltr'>Agricolae</span> <span class='ocrx_word' id='word_1_251' title='bbox 561 2865 663 2930; x_wconf 89' lang='lat' dir='ltr'>edidit</span> <span class='ocrx_word' id='word_1_252' title='bbox 684 2867 751 2947; x_wconf 89' lang='lat' dir='ltr'>ipse</span> <span class='ocrx_word' id='word_1_253' title='bbox 766 2866 845 2948; x_wconf 80' lang='lat' dir='ltr'>Apr.</span> <span class='ocrx_word' id='word_1_254' title='bbox 863 2871 885 2930; x_wconf 88' lang='lat'><em>3</em></span> <span class='ocrx_word' id='word_1_255' title='bbox 906 2866 947 2947; x_wconf 79' lang='lat' dir='ltr'>as.</span> <span class='ocrx_word' id='word_1_256' title='bbox 970 2871 1022 2930; x_wconf 88' lang='grc'>43.</span> <span class='ocrx_word' id='word_1_257' title='bbox 1066 2865 1192 2930; x_wconf 87' lang='lat' dir='ltr'>Eodem</span> <span class='ocrx_word' id='word_1_258' title='bbox 1214 2887 1298 2930; x_wconf 91' lang='lat' dir='ltr'>anno</span> <span class='ocrx_word' id='word_1_259' title='bbox 1322 2867 1452 2952; x_wconf 81' lang='lat' dir='ltr'>scripsit</span> <span class='ocrx_word' id='word_1_260' title='bbox 1473 2865 1593 2930; x_wconf 89' lang='lat' dir='ltr'>librum</span> <span class='ocrx_word' id='word_1_261' title='bbox 1614 2865 1657 2930; x_wconf 90' lang='lat' dir='ltr'>de</span> 
     </span>
     <span class='ocr_line' id='line_1_26' title="bbox 366 2967 1654 3052; baseline -0.002 -18"><span class='ocrx_word' id='word_1_262' title='bbox 366 2969 542 3034; x_wconf 81' lang='lat' dir='ltr'>Germania</span> <span class='ocrx_word' id='word_1_263' title='bbox 557 2969 599 3049; x_wconf 80' lang='lat' dir='ltr'>es.</span> <span class='ocrx_word' id='word_1_264' title='bbox 620 2967 727 3032; x_wconf 81' lang='lat' dir='ltr'>Gerra.</span> <span class='ocrx_word' id='word_1_265' title='bbox 744 2974 794 3032; x_wconf 86' lang='grc'>37.</span> <span class='ocrx_word' id='word_1_266' title='bbox 837 2968 947 3033; x_wconf 87' lang='lat' dir='ltr'>Vtrarn</span> <span class='ocrx_word' id='word_1_267' title='bbox 962 2969 1019 3033; x_wconf 87' lang='lat' dir='ltr'>snb</span> <span class='ocrx_word' id='word_1_268' title='bbox 1036 2969 1118 3032; x_wconf 85' lang='lat' dir='ltr'>idern</span> <span class='ocrx_word' id='word_1_269' title='bbox 1139 2971 1207 3050; x_wconf 81' lang='lat' dir='ltr'>fere</span> <span class='ocrx_word' id='word_1_270' title='bbox 1221 2973 1350 3052; x_wconf 80' lang='lat' dir='ltr'>ternpus,</span> <span class='ocrx_word' id='word_1_271' title='bbox 1372 2973 1408 3032; x_wconf 92' lang='lat' dir='ltr'>nt</span> <span class='ocrx_word' id='word_1_272' title='bbox 1431 2968 1492 3032; x_wconf 88' lang='lat' dir='ltr'>alii</span> <span class='ocrx_word' id='word_1_273' title='bbox 1512 2973 1654 3034; x_wconf 79' lang='grc'><strong><em>07070007</em></strong></span> 
     </span>
     <span class='ocr_line' id='line_1_27' title="bbox 363 3069 1656 3154; baseline 0.001 -20"><span class='ocrx_word' id='word_1_274' title='bbox 363 3070 417 3154; x_wconf 78' lang='lat' dir='ltr'>(ef.</span> <span class='ocrx_word' id='word_1_275' title='bbox 431 3069 566 3146; x_wconf 80' lang='lat' dir='ltr'>Sebanr,</span> <span class='ocrx_word' id='word_1_276' title='bbox 582 3069 767 3135; x_wconf 80' lang='lat' dir='ltr'>Gesobiebte</span> <span class='ocrx_word' id='word_1_277' title='bbox 783 3069 838 3134; x_wconf 87' lang='lat' dir='ltr'>der</span> <span class='ocrx_word' id='word_1_278' title='bbox 848 3069 1040 3135; x_wconf 82' lang='lat' dir='ltr'>Rbmtsaben</span> <span class='ocrx_word' id='word_1_279' title='bbox 1051 3071 1230 3136; x_wconf 80' lang='lat' dir='ltr'>litterator</span> <span class='ocrx_word' id='word_1_280' title='bbox 1242 3071 1327 3153; x_wconf 85' lang='lat' dir='ltr'>Hp.</span> <span class='ocrx_word' id='word_1_281' title='bbox 1335 3070 1422 3152; x_wconf 88' lang='grc'><strong><em>362),</em></strong></span> <span class='ocrx_word' id='word_1_282' title='bbox 1444 3091 1487 3135; x_wconf 93' lang='lat' dir='ltr'>an</span> <span class='ocrx_word' id='word_1_283' title='bbox 1504 3076 1656 3154; x_wconf 72' lang='lat' dir='ltr'>reparante</span> 
     </span>
     <span class='ocr_line' id='line_1_28' title="bbox 368 3171 1657 3256; baseline -0.001 -19"><span class='ocrx_word' id='word_1_284' title='bbox 368 3173 448 3249; x_wconf 79' lang='lat' dir='ltr'>Tito,</span> <span class='ocrx_word' id='word_1_285' title='bbox 471 3177 508 3237; x_wconf 89' lang='lat' dir='ltr'>nt</span> <span class='ocrx_word' id='word_1_286' title='bbox 530 3173 591 3236; x_wconf 86' lang='lat' dir='ltr'>alii</span> <span class='ocrx_word' id='word_1_287' title='bbox 612 3173 666 3256; x_wconf 78' lang='lat' dir='ltr'>(ef.</span> <span class='ocrx_word' id='word_1_288' title='bbox 688 3171 985 3250; x_wconf 74' lang='lat' dir='ltr'>TentiebSabnabe,</span> <span class='ocrx_word' id='word_1_289' title='bbox 1008 3172 1193 3238; x_wconf 83' lang='lat' dir='ltr'>Gesebiobte</span> <span class='ocrx_word' id='word_1_290' title='bbox 1208 3172 1264 3238; x_wconf 82' lang='lat' dir='ltr'>der</span> <span class='ocrx_word' id='word_1_291' title='bbox 1278 3173 1468 3238; x_wconf 84' lang='lat' dir='ltr'>Rbnriscben</span> <span class='ocrx_word' id='word_1_292' title='bbox 1490 3175 1657 3238; x_wconf 81' lang='lat' dir='ltr'>Iiteratar</span> 
     </span>
     <span class='ocr_line' id='line_1_29' title="bbox 362 3273 1656 3360; baseline 0.002 -21"><span class='ocrx_word' id='word_1_293' title='bbox 362 3275 469 3358; x_wconf 57' lang='lat' dir='ltr'>§.ida</span> <span class='ocrx_word' id='word_1_294' title='bbox 485 3274 553 3356; x_wconf 81' lang='lat'><strong><em>2⁶),</em></strong></span> <span class='ocrx_word' id='word_1_295' title='bbox 578 3275 738 3356; x_wconf 81' lang='lat' dir='ltr'>diatopnnr</span> <span class='ocrx_word' id='word_1_296' title='bbox 754 3273 791 3339; x_wconf 88' lang='lat' dir='ltr'>de</span> <span class='ocrx_word' id='word_1_297' title='bbox 808 3275 988 3338; x_wconf 79' lang='lat' dir='ltr'>oratoribus</span> <span class='ocrx_word' id='word_1_298' title='bbox 1010 3277 1188 3356; x_wconf 79' lang='lat' dir='ltr'>confecerit,</span> <span class='ocrx_word' id='word_1_299' title='bbox 1211 3297 1275 3340; x_wconf 90' lang='lat' dir='ltr'>non</span> <span class='ocrx_word' id='word_1_300' title='bbox 1298 3280 1380 3340; x_wconf 83' lang='lat' dir='ltr'>certe</span> <span class='ocrx_word' id='word_1_301' title='bbox 1398 3275 1551 3360; x_wconf 82' lang='lat' dir='ltr'>dispicere</span> <span class='ocrx_word' id='word_1_302' title='bbox 1574 3277 1656 3341; x_wconf 89' lang='lat' dir='ltr'>lieet.</span> 
     </span>
     <span class='ocr_line' id='line_1_30' title="bbox 365 3376 1657 3462; baseline 0.002 -20"><span class='ocrx_word' id='word_1_303' title='bbox 365 3378 473 3459; x_wconf 82' lang='lat' dir='ltr'>Neqne</span> <span class='ocrx_word' id='word_1_304' title='bbox 488 3379 571 3442; x_wconf 85' lang='lat' dir='ltr'>enirn</span> <span class='ocrx_word' id='word_1_305' title='bbox 584 3376 658 3442; x_wconf 88' lang='lat' dir='ltr'>inde</span> <span class='ocrx_word' id='word_1_306' title='bbox 673 3376 757 3459; x_wconf 84' lang='lat' dir='ltr'>qnod</span> <span class='ocrx_word' id='word_1_307' title='bbox 770 3376 923 3458; x_wconf 84' lang='lat' dir='ltr'>colloquio</span> <span class='ocrx_word' id='word_1_308' title='bbox 937 3377 996 3453; x_wconf 89' lang='lat' dir='ltr'>illi,</span> <span class='ocrx_word' id='word_1_309' title='bbox 1013 3378 1097 3459; x_wconf 78' lang='lat' dir='ltr'>qnod</span> <span class='ocrx_word' id='word_1_310' title='bbox 1113 3377 1257 3442; x_wconf 76' lang='lat' dir='ltr'>babitant-</span> <span class='ocrx_word' id='word_1_311' title='bbox 1279 3399 1343 3443; x_wconf 89' lang='lat' dir='ltr'>esse</span> <span class='ocrx_word' id='word_1_312' title='bbox 1366 3399 1450 3443; x_wconf 89' lang='lat' dir='ltr'>anno</span> <span class='ocrx_word' id='word_1_313' title='bbox 1468 3383 1505 3444; x_wconf 87' lang='lat'>75</span> <span class='ocrx_word' id='word_1_314' title='bbox 1527 3380 1657 3462; x_wconf 63' lang='lat' dir='ltr'>pinxisse</span> 
     </span>
     <span class='ocr_line' id='line_1_31' title="bbox 361 3478 1656 3564; baseline 0 -20"><span class='ocrx_word' id='word_1_315' title='bbox 361 3479 486 3544; x_wconf 82' lang='lat' dir='ltr'>uidetur</span> <span class='ocrx_word' id='word_1_316' title='bbox 501 3480 540 3560; x_wconf 74' lang='grc'>07.</span> <span class='ocrx_word' id='word_1_317' title='bbox 558 3479 634 3544; x_wconf 88' lang='lat' dir='ltr'>dial.</span> <span class='ocrx_word' id='word_1_318' title='bbox 650 3484 699 3556; x_wconf 84' lang='lat'>15,</span> <span class='ocrx_word' id='word_1_319' title='bbox 718 3482 879 3544; x_wconf 87' lang='lat' dir='ltr'>‘iuvenem</span> <span class='ocrx_word' id='word_1_320' title='bbox 898 3478 1083 3544; x_wconf 80' lang='lat' dir='ltr'>admodum’</span> <span class='ocrx_word' id='word_1_321' title='bbox 1101 3500 1133 3544; x_wconf 88' lang='lat' dir='ltr'>se</span> <span class='ocrx_word' id='word_1_322' title='bbox 1148 3481 1331 3561; x_wconf 74' lang='lat' dir='ltr'>interscissa</span> <span class='ocrx_word' id='word_1_323' title='bbox 1347 3479 1425 3544; x_wconf 86' lang='lat' dir='ltr'>dicit</span> <span class='ocrx_word' id='word_1_324' title='bbox 1439 3479 1518 3544; x_wconf 84' lang='lat' dir='ltr'>diat.</span> <span class='ocrx_word' id='word_1_325' title='bbox 1535 3486 1564 3557; x_wconf 93' lang='lat'>1,</span> <span class='ocrx_word' id='word_1_326' title='bbox 1585 3481 1656 3564; x_wconf 77' lang='lat' dir='ltr'>effi-</span> 
     </span>
     <span class='ocr_line' id='line_1_32' title="bbox 363 3582 1658 3663; baseline 0.001 -17"><span class='ocrx_word' id='word_1_327' title='bbox 363 3603 431 3646; x_wconf 90' lang='grc'><strong><em>0000</em></strong></span> <span class='ocrx_word' id='word_1_328' title='bbox 459 3601 582 3646; x_wconf 84' lang='grc'><strong><em>0000330</em></strong></span> <span class='ocrx_word' id='word_1_329' title='bbox 612 3587 658 3646; x_wconf 90' lang='grc'>037</span> <span class='ocrx_word' id='word_1_330' title='bbox 684 3582 829 3647; x_wconf 79' lang='lat' dir='ltr'>Taa&#39;tnnr</span> <span class='ocrx_word' id='word_1_331' title='bbox 855 3602 925 3646; x_wconf 84' lang='grc'><strong><em>0000</em></strong></span> <span class='ocrx_word' id='word_1_332' title='bbox 953 3582 1030 3647; x_wconf 83' lang='lat' dir='ltr'>baec</span> <span class='ocrx_word' id='word_1_333' title='bbox 1051 3583 1211 3658; x_wconf 85' lang='lat' dir='ltr'>scriberet,</span> <span class='ocrx_word' id='word_1_334' title='bbox 1241 3582 1397 3646; x_wconf 82' lang='lat' dir='ltr'>bominem</span> <span class='ocrx_word' id='word_1_335' title='bbox 1419 3582 1518 3663; x_wconf 76' lang='lat' dir='ltr'>fnisse</span> <span class='ocrx_word' id='word_1_336' title='bbox 1540 3585 1658 3648; x_wconf 87' lang='lat' dir='ltr'>aetatis</span> 
     </span>
     <span class='ocr_line' id='line_1_33' title="bbox 361 3683 1655 3768; baseline 0.002 -20"><span class='ocrx_word' id='word_1_337' title='bbox 361 3688 546 3767; x_wconf 73' lang='lat' dir='ltr'>protractae,</span> <span class='ocrx_word' id='word_1_338' title='bbox 569 3685 764 3766; x_wconf 85' lang='lat' dir='ltr'>praesertim</span> <span class='ocrx_word' id='word_1_339' title='bbox 793 3705 862 3748; x_wconf 89' lang='grc'><strong><em>0000</em></strong></span> <span class='ocrx_word' id='word_1_340' title='bbox 891 3706 977 3749; x_wconf 79' lang='lat' dir='ltr'>neore</span> <span class='ocrx_word' id='word_1_341' title='bbox 1005 3683 1153 3750; x_wconf 87' lang='lat' dir='ltr'>Romano</span> <span class='ocrx_word' id='word_1_342' title='bbox 1182 3684 1273 3749; x_wconf 86' lang='lat' dir='ltr'>borno</span> <span class='ocrx_word' id='word_1_343' title='bbox 1300 3686 1477 3767; x_wconf 81' lang='lat' dir='ltr'>pueritiam</span> <span class='ocrx_word' id='word_1_344' title='bbox 1506 3705 1655 3768; x_wconf 77' lang='lat' dir='ltr'>eqressns,</span> 
     </span>
     <span class='ocr_line' id='line_1_34' title="bbox 364 3786 1656 3869; baseline 0.003 -19"><span class='ocrx_word' id='word_1_345' title='bbox 364 3787 551 3869; x_wconf 83' lang='lat' dir='ltr'>prinsquam</span> <span class='ocrx_word' id='word_1_346' title='bbox 581 3786 624 3851; x_wconf 92' lang='lat' dir='ltr'>ad</span> <span class='ocrx_word' id='word_1_347' title='bbox 651 3793 837 3853; x_wconf 86' lang='lat' dir='ltr'>seneetntern</span> <span class='ocrx_word' id='word_1_348' title='bbox 865 3789 1012 3864; x_wconf 70' lang='lat' dir='ltr'>lenisset,</span> <span class='ocrx_word' id='word_1_349' title='bbox 1043 3809 1107 3852; x_wconf 88' lang='lat' dir='ltr'>non</span> <span class='ocrx_word' id='word_1_350' title='bbox 1138 3788 1233 3852; x_wconf 87' lang='lat' dir='ltr'>ab&#39;ter</span> <span class='ocrx_word' id='word_1_351' title='bbox 1255 3788 1412 3854; x_wconf 83' lang='lat' dir='ltr'>diceretur</span> <span class='ocrx_word' id='word_1_352' title='bbox 1432 3789 1498 3853; x_wconf 89' lang='lat' dir='ltr'>nisi</span> <span class='ocrx_word' id='word_1_353' title='bbox 1524 3790 1656 3854; x_wconf 85' lang='lat' dir='ltr'>invenis.</span> 
     </span>
     <span class='ocr_line' id='line_1_35' title="bbox 364 3888 1657 3972; baseline 0.001 -18"><span class='ocrx_word' id='word_1_354' title='bbox 364 3888 474 3970; x_wconf 79' lang='lat' dir='ltr'>Neque</span> <span class='ocrx_word' id='word_1_355' title='bbox 501 3888 627 3970; x_wconf 80' lang='lat' dir='ltr'>reliqna</span> <span class='ocrx_word' id='word_1_356' title='bbox 655 3895 843 3972; x_wconf 75' lang='lat' dir='ltr'>arpnrnersta</span> <span class='ocrx_word' id='word_1_357' title='bbox 876 3912 913 3954; x_wconf 83' lang='lat' dir='ltr'>ea</span> <span class='ocrx_word' id='word_1_358' title='bbox 946 3889 1051 3954; x_wconf 87' lang='lat' dir='ltr'>indole</span> <span class='ocrx_word' id='word_1_359' title='bbox 1085 3891 1162 3954; x_wconf 83' lang='lat' dir='ltr'>libri</span> <span class='ocrx_word' id='word_1_360' title='bbox 1190 3891 1295 3972; x_wconf 86' lang='lat' dir='ltr'>petita</span> <span class='ocrx_word' id='word_1_361' title='bbox 1323 3911 1403 3972; x_wconf 83' lang='lat' dir='ltr'>qnae</span> <span class='ocrx_word' id='word_1_362' title='bbox 1433 3892 1467 3954; x_wconf 88' lang='lat' dir='ltr'>in</span> <span class='ocrx_word' id='word_1_363' title='bbox 1490 3895 1657 3972; x_wconf 79' lang='lat' dir='ltr'>atramque</span> 
     </span>
     <span class='ocr_line' id='line_1_36' title="bbox 363 3991 1657 4074; baseline 0.001 -19"><span class='ocrx_word' id='word_1_364' title='bbox 363 3991 549 4056; x_wconf 86' lang='lat' dir='ltr'>sententiam</span> <span class='ocrx_word' id='word_1_365' title='bbox 580 3991 743 4074; x_wconf 83' lang='lat' dir='ltr'>disputata</span> <span class='ocrx_word' id='word_1_366' title='bbox 771 3997 860 4068; x_wconf 86' lang='lat' dir='ltr'>sant,</span> <span class='ocrx_word' id='word_1_367' title='bbox 890 4013 957 4056; x_wconf 88' lang='lat' dir='ltr'>rern</span> <span class='ocrx_word' id='word_1_368' title='bbox 979 3997 1059 4056; x_wconf 87' lang='grc'><strong><em>00070</em></strong></span> <span class='ocrx_word' id='word_1_369' title='bbox 1083 3993 1270 4058; x_wconf 81' lang='lat' dir='ltr'>diiudicant.</span> <span class='ocrx_word' id='word_1_370' title='bbox 1291 4031 1335 4038; x_wconf 91' lang='lat'><strong>—</strong></span> <span class='ocrx_word' id='word_1_371' title='bbox 1360 3991 1485 4057; x_wconf 89' lang='lat' dir='ltr'>Deinde</span> <span class='ocrx_word' id='word_1_372' title='bbox 1511 3992 1657 4057; x_wconf 81' lang='lat' dir='ltr'>Taciturn</span> 
     </span>
     <span class='ocr_line' id='line_1_37' title="bbox 362 4094 1658 4160; baseline 0.001 -4"><span class='ocrx_word' id='word_1_373' title='bbox 362 4094 452 4157; x_wconf 89' lang='lat' dir='ltr'>intra</span> <span class='ocrx_word' id='word_1_374' title='bbox 474 4113 503 4159; x_wconf 88' lang='lat' dir='ltr'>a.</span> <span class='ocrx_word' id='word_1_375' title='bbox 527 4098 674 4158; x_wconf 75' lang='lat' dir='ltr'>rar-109</span> <span class='ocrx_word' id='word_1_376' title='bbox 703 4095 738 4158; x_wconf 89' lang='lat' dir='ltr'>in</span> <span class='ocrx_word' id='word_1_377' title='bbox 760 4095 916 4159; x_wconf 74' lang='lat' dir='ltr'>Historiis</span> <span class='ocrx_word' id='word_1_378' title='bbox 944 4095 1118 4160; x_wconf 87' lang='lat' dir='ltr'>scribendis</span> <span class='ocrx_word' id='word_1_379' title='bbox 1145 4101 1305 4160; x_wconf 85' lang='grc'><strong><em>0003070000</em></strong></span> <span class='ocrx_word' id='word_1_380' title='bbox 1330 4115 1395 4160; x_wconf 89' lang='grc'><strong><em>0330</em></strong></span> <span class='ocrx_word' id='word_1_381' title='bbox 1417 4094 1527 4159; x_wconf 88' lang='lat' dir='ltr'>docent</span> <span class='ocrx_word' id='word_1_382' title='bbox 1550 4095 1658 4159; x_wconf 88' lang='lat' dir='ltr'>Plinii</span> 
     </span>
     <span class='ocr_line' id='line_1_38' title="bbox 364 4194 1656 4277; baseline 0.001 -18"><span class='ocrx_word' id='word_1_383' title='bbox 364 4194 518 4277; x_wconf 81' lang='lat' dir='ltr'>epistulae</span> <span class='ocrx_word' id='word_1_384' title='bbox 540 4201 568 4272; x_wconf 85' lang='lat'>6,</span> <span class='ocrx_word' id='word_1_385' title='bbox 593 4201 641 4263; x_wconf 86' lang='lat'>16.</span> <span class='ocrx_word' id='word_1_386' title='bbox 664 4201 725 4274; x_wconf 82' lang='grc' dir='ltr'>2θ;</span> <span class='ocrx_word' id='word_1_387' title='bbox 748 4202 776 4272; x_wconf 91' lang='grc'>7,</span> <span class='ocrx_word' id='word_1_388' title='bbox 801 4201 854 4260; x_wconf 83' lang='grc'>20.</span> <span class='ocrx_word' id='word_1_389' title='bbox 874 4200 933 4274; x_wconf 90' lang='grc'><strong><em>33,·</em></strong></span> <span class='ocrx_word' id='word_1_390' title='bbox 954 4200 984 4272; x_wconf 84' lang='grc'><strong><em>8,</em></strong></span> <span class='ocrx_word' id='word_1_391' title='bbox 1006 4202 1035 4274; x_wconf 92' lang='grc'>7,</span> <span class='ocrx_word' id='word_1_392' title='bbox 1059 4197 1257 4262; x_wconf 85' lang='lat' dir='ltr'>immortales</span> <span class='ocrx_word' id='word_1_393' title='bbox 1280 4198 1433 4262; x_wconf 86' lang='lat' dir='ltr'>historias</span> <span class='ocrx_word' id='word_1_394' title='bbox 1455 4199 1562 4262; x_wconf 86' lang='lat' dir='ltr'>Taciti</span> <span class='ocrx_word' id='word_1_395' title='bbox 1586 4197 1656 4262; x_wconf 90' lang='lat' dir='ltr'>fore</span> 
     </span>
     <span class='ocr_line' id='line_1_39' title="bbox 365 4299 1655 4385; baseline 0.002 -24"><span class='ocrx_word' id='word_1_396' title='bbox 365 4308 544 4380; x_wconf 88' lang='lat' dir='ltr'>auguratur</span> <span class='ocrx_word' id='word_1_397' title='bbox 566 4299 611 4362; x_wconf 86' lang='lat' dir='ltr'>id.</span> <span class='ocrx_word' id='word_1_398' title='bbox 634 4303 661 4374; x_wconf 92' lang='lat'>7,</span> <span class='ocrx_word' id='word_1_399' title='bbox 683 4303 733 4374; x_wconf 89' lang='grc'>33,</span> <span class='ocrx_word' id='word_1_400' title='bbox 757 4304 787 4364; x_wconf 94' lang='grc'><strong><em>1.</em></strong></span> <span class='ocrx_word' id='word_1_401' title='bbox 832 4299 911 4363; x_wconf 91' lang='lat' dir='ltr'>Post</span> <span class='ocrx_word' id='word_1_402' title='bbox 935 4299 1085 4362; x_wconf 86' lang='lat' dir='ltr'>historias</span> <span class='ocrx_word' id='word_1_403' title='bbox 1108 4322 1188 4385; x_wconf 89' lang='lat' dir='ltr'>quas</span> <span class='ocrx_word' id='word_1_404' title='bbox 1211 4310 1368 4364; x_wconf 84' lang='lat' dir='ltr'>memorat</span> <span class='ocrx_word' id='word_1_405' title='bbox 1389 4301 1456 4382; x_wconf 77' lang='lat' dir='ltr'>epse</span> <span class='ocrx_word' id='word_1_406' title='bbox 1478 4321 1509 4364; x_wconf 90' lang='lat' dir='ltr'>a.</span> <span class='ocrx_word' id='word_1_407' title='bbox 1532 4305 1581 4378; x_wconf 85' lang='lat'>11,</span> <span class='ocrx_word' id='word_1_408' title='bbox 1605 4305 1655 4380; x_wconf 89' lang='lat'>11,</span> 
     </span>
     <span class='ocr_line' id='line_1_40' title="bbox 364 4399 1656 4485; baseline 0.003 -22"><span class='ocrx_word' id='word_1_409' title='bbox 364 4402 495 4485; x_wconf 83' lang='lat' dir='ltr'>scripsit</span> <span class='ocrx_word' id='word_1_410' title='bbox 515 4399 615 4464; x_wconf 90' lang='lat' dir='ltr'>libros</span> <span class='ocrx_word' id='word_1_411' title='bbox 638 4401 680 4464; x_wconf 89' lang='lat' dir='ltr'>ab</span> <span class='ocrx_word' id='word_1_412' title='bbox 704 4422 839 4464; x_wconf 82' lang='lat' dir='ltr'>excessu</span> <span class='ocrx_word' id='word_1_413' title='bbox 857 4400 925 4466; x_wconf 89' lang='lat' dir='ltr'>divi</span> <span class='ocrx_word' id='word_1_414' title='bbox 947 4401 1104 4483; x_wconf 88' lang='lat' dir='ltr'>Augusti,</span> <span class='ocrx_word' id='word_1_415' title='bbox 1129 4403 1164 4464; x_wconf 92' lang='lat' dir='ltr'>in</span> <span class='ocrx_word' id='word_1_416' title='bbox 1185 4421 1317 4482; x_wconf 77' lang='lat' dir='ltr'>qreorum</span> <span class='ocrx_word' id='word_1_417' title='bbox 1340 4401 1440 4466; x_wconf 89' lang='lat' dir='ltr'>altero</span> <span class='ocrx_word' id='word_1_418' title='bbox 1463 4402 1656 4484; x_wconf 77' lang='lat' dir='ltr'>conficiendo</span> 
     </span>
     <span class='ocr_line' id='line_1_41' title="bbox 364 4503 1655 4590; baseline 0.002 -25"><span class='ocrx_word' id='word_1_419' title='bbox 364 4503 421 4566; x_wconf 88' lang='lat' dir='ltr'>snb</span> <span class='ocrx_word' id='word_1_420' title='bbox 444 4503 538 4585; x_wconf 75' lang='lat' dir='ltr'>finem</span> <span class='ocrx_word' id='word_1_421' title='bbox 560 4503 689 4586; x_wconf 88' lang='lat' dir='ltr'>inperii</span> <span class='ocrx_word' id='word_1_422' title='bbox 713 4503 850 4568; x_wconf 84' lang='lat' dir='ltr'>Traiani</span> <span class='ocrx_word' id='word_1_423' title='bbox 871 4508 1029 4568; x_wconf 85' lang='grc'><strong><em>0003070000</em></strong></span> <span class='ocrx_word' id='word_1_424' title='bbox 1052 4524 1116 4568; x_wconf 86' lang='lat' dir='ltr'>asse</span> <span class='ocrx_word' id='word_1_425' title='bbox 1143 4508 1225 4568; x_wconf 88' lang='lat' dir='ltr'>reete</span> <span class='ocrx_word' id='word_1_426' title='bbox 1256 4525 1276 4567; x_wconf 93' lang='lat' dir='ltr'>a</span> <span class='ocrx_word' id='word_1_427' title='bbox 1300 4503 1461 4586; x_wconf 80' lang='lat' dir='ltr'>plerisque</span> <span class='ocrx_word' id='word_1_428' title='bbox 1488 4503 1542 4584; x_wconf 78' lang='lat' dir='ltr'>(af.</span> <span class='ocrx_word' id='word_1_429' title='bbox 1567 4505 1655 4590; x_wconf 88' lang='lat' dir='ltr'>adn.)</span> 
     </span>
     <span class='ocr_line' id='line_1_42' title="bbox 363 4604 1657 4691; baseline 0.002 -23"><span class='ocrx_word' id='word_1_430' title='bbox 363 4625 401 4668; x_wconf 80' lang='lat' dir='ltr'>ea</span> <span class='ocrx_word' id='word_1_431' title='bbox 422 4605 526 4668; x_wconf 83' lang='lat' dir='ltr'>verbis</span> <span class='ocrx_word' id='word_1_432' title='bbox 548 4625 578 4669; x_wconf 93' lang='lat' dir='ltr'>a.</span> <span class='ocrx_word' id='word_1_433' title='bbox 602 4610 635 4682; x_wconf 89' lang='grc'>2,</span> <span class='ocrx_word' id='word_1_434' title='bbox 659 4609 699 4669; x_wconf 90' lang='grc'>61</span> <span class='ocrx_word' id='word_1_435' title='bbox 720 4607 874 4670; x_wconf 88' lang='lat' dir='ltr'>statnitnr</span> <span class='ocrx_word' id='word_1_436' title='bbox 899 4608 987 4669; x_wconf 82' lang='lat' dir='ltr'>‘exin</span> <span class='ocrx_word' id='word_1_437' title='bbox 1010 4605 1251 4691; x_wconf 85' lang='lat' dir='ltr'>Elephantinen</span> <span class='ocrx_word' id='word_1_438' title='bbox 1279 4629 1316 4670; x_wconf 90' lang='lat' dir='ltr'>ac</span> <span class='ocrx_word' id='word_1_439' title='bbox 1342 4605 1490 4691; x_wconf 88' lang='lat' dir='ltr'>Syenen,</span> <span class='ocrx_word' id='word_1_440' title='bbox 1514 4604 1657 4670; x_wconf 87' lang='lat' dir='ltr'>claustra</span> 
     </span>
     <span class='ocr_line' id='line_1_43' title="bbox 364 4707 1507 4794; baseline 0 -23"><span class='ocrx_word' id='word_1_441' title='bbox 364 4707 441 4771; x_wconf 91' lang='lat' dir='ltr'>olim</span> <span class='ocrx_word' id='word_1_442' title='bbox 463 4708 590 4793; x_wconf 87' lang='lat' dir='ltr'>imperii</span> <span class='ocrx_word' id='word_1_443' title='bbox 613 4709 760 4789; x_wconf 86' lang='lat' dir='ltr'>Romani,</span> <span class='ocrx_word' id='word_1_444' title='bbox 784 4707 871 4793; x_wconf 92' lang='lat' dir='ltr'>quod</span> <span class='ocrx_word' id='word_1_445' title='bbox 892 4730 980 4772; x_wconf 91' lang='lat' dir='ltr'>nunc</span> <span class='ocrx_word' id='word_1_446' title='bbox 1001 4707 1149 4772; x_wconf 87' lang='lat' dir='ltr'>Rubrum</span> <span class='ocrx_word' id='word_1_447' title='bbox 1171 4709 1213 4772; x_wconf 88' lang='lat' dir='ltr'>ad</span> <span class='ocrx_word' id='word_1_448' title='bbox 1235 4729 1324 4773; x_wconf 89' lang='lat' dir='ltr'>mare</span> <span class='ocrx_word' id='word_1_449' title='bbox 1346 4710 1507 4794; x_wconf 83' lang='lat' dir='ltr'>patescit&#39;.</span> 
     </span>
    </p>

    <p class='ocr_par' dir='ltr' id='par_1_6' title="bbox 365 4808 1657 4998">
     <span class='ocr_line' id='line_1_44' title="bbox 429 4808 1656 4896; baseline 0.002 -23"><span class='ocrx_word' id='word_1_450' title='bbox 429 4808 610 4894; x_wconf 87' lang='lat' dir='ltr'>Imperator</span> <span class='ocrx_word' id='word_1_451' title='bbox 632 4809 691 4892; x_wconf 84' lang='lat' dir='ltr'>(M.</span> <span class='ocrx_word' id='word_1_452' title='bbox 716 4809 886 4894; x_wconf 84' lang='lat' dir='ltr'>Claudius)</span> <span class='ocrx_word' id='word_1_453' title='bbox 906 4810 1039 4874; x_wconf 86' lang='lat' dir='ltr'>Tacitus</span> <span class='ocrx_word' id='word_1_454' title='bbox 1063 4809 1252 4876; x_wconf 80' lang='lat' dir='ltr'>Cornelium</span> <span class='ocrx_word' id='word_1_455' title='bbox 1275 4812 1439 4893; x_wconf 87' lang='lat' dir='ltr'>Tacitum,</span> <span class='ocrx_word' id='word_1_456' title='bbox 1464 4813 1656 4896; x_wconf 85' lang='lat' dir='ltr'>scriptorem</span> 
     </span>
     <span class='ocr_line' id='line_1_45' title="bbox 365 4911 1657 4998; baseline 0.003 -22"><span class='ocrx_word' id='word_1_457' title='bbox 365 4911 519 4977; x_wconf 88' lang='lat' dir='ltr'>historiae</span> <span class='ocrx_word' id='word_1_458' title='bbox 535 4911 712 4995; x_wconf 86' lang='lat' dir='ltr'>Augustae,</span> <span class='ocrx_word' id='word_1_459' title='bbox 730 4912 817 4998; x_wconf 94' lang='lat' dir='ltr'>quod</span> <span class='ocrx_word' id='word_1_460' title='bbox 833 4923 1002 4998; x_wconf 88' lang='lat' dir='ltr'>parentem</span> <span class='ocrx_word' id='word_1_461' title='bbox 1024 4913 1162 4978; x_wconf 86' lang='lat' dir='ltr'>eundem</span> <span class='ocrx_word' id='word_1_462' title='bbox 1184 4936 1278 4978; x_wconf 89' lang='lat' dir='ltr'>suum</span> <span class='ocrx_word' id='word_1_463' title='bbox 1293 4913 1424 4996; x_wconf 89' lang='lat' dir='ltr'>diceret,</span> <span class='ocrx_word' id='word_1_464' title='bbox 1448 4915 1482 4976; x_wconf 94' lang='lat' dir='ltr'>in</span> <span class='ocrx_word' id='word_1_465' title='bbox 1505 4912 1657 4980; x_wconf 86' lang='lat' dir='ltr'>omuibus</span> 
     </span>
    </p>
   </div>
   <div class='ocr_carea' id='block_1_3' title="bbox 0 0 1872 5622">
    <p class='ocr_par' dir='ltr' id='par_1_7' title="bbox 0 0 1872 5622">
     <span class='ocr_line' id='line_1_46' title="bbox 0 0 1872 5622; baseline 0 0"><span class='ocrx_word' id='word_1_466' title='bbox 0 0 1872 5622; x_wconf 95' lang='lat' dir='ltr'> </span> 
     </span>
    </p>
   </div>
  </div>
 </body>
</html>
