3826 5610
228 382 466 442 Anemosa
886 373 928 438 47
1351 378 1587 436 ALEXANDER

1440 478 1580 486 —-.

227 582 289 647 361
314 578 519 662 Alexander,
550 579 691 643 Herodis
721 589 754 642 et
783 577 990 642 Mariammes
1018 579 1134 664 prioris
1164 577 1250 642 lilius
1282 576 1587 644 Aristobuli't'rater

294 685 335 764 cf.
359 683 499 749 Setarer
518 681 629 747 Gessit.
654 682 683 748 d.
700 679 869 764 jiidischra
891 679 1003 744 Valles
1024 680 1050 745 I
1065 685 1129 745 337
1139 702 1204 762 sqq.
1240 681 1337 746 Uirro
1359 703 1389 745 a.
1405 685 1463 746 731
1482 712 1524 734 =
1543 686 1587 748 23

294 785 441 851 Herodes
456 785 573 850 iratres
587 785 721 850 Romam
738 785 825 848 misit
838 783 963 865 Iesqrd.
976 789 1041 848 ant.
1055 789 1104 860 15,
1119 789 1168 860 10,
1186 789 1223 862 1,·
1243 793 1315 869 post
1329 784 1586 869 quinquennium

295 890 361 954 fere
383 891 417 953 in
440 889 577 972 patriam
602 887 733 952 reduxit
749 897 781 950 ct
793 885 983 950 Alexandro
1000 885 1201 971 Glaphyram
1217 886 1314 951 filiam
1332 885 1483 951 Archelai
1500 885 1587 968 regis

294 990 523 1077 Cappadocum
555 991 587 1054 in
617 990 857 1054 matrimonium
886 988 976 1053 dedit
1005 989 1173 1067 id.16,1,
1198 995 1229 1054 2.
1279 989 1473 1072 Calumniis,
1505 1011 1586 1074 quas

294 1093 423 1160 Salome
446 1103 558 1157 contra
580 1092 662 1156 filios
684 1092 890 1156 Mariammes
912 1090 1101 1177 spargebat,
1133 1090 1299 1156 lacessitus
1322 1092 1470 1157 Herodes
1494 1091 1585 1157 Anti·

292 1207 421 1282 patrum
444 1195 548 1259 filium
571 1194 748 1278 relegatum
771 1193 813 1258 ad
836 1192 944 1258 aulam
967 1195 1133 1258 revocavit
1161 1205 1194 1259 et
1223 1193 1402 1259 honoribus
1425 1196 1583 1280 provexit,

293 1298 379 1364 unde
394 1297 576 1362 discordiae
592 1300 677 1362 inter
693 1307 818 1384 patrem
839 1305 871 1361 ct
893 1295 976 1360 filios
991 1296 1199 1362 Mariammes
1222 1308 1311 1362 ortae
1334 1307 1410 1362 sunt
1430 1297 1475 1361 id.
1492 1303 1541 1374 16,
1554 1305 1584 1374 3,

293 1401 363 1468 bell.
388 1406 417 1476 1,
438 1405 491 1477 23,
515 1406 592 1467 1-2.
638 1399 730 1481 Quae
761 1421 835 1464 cum
863 1397 1036 1484 Antipatro
1067 1410 1200 1464 auctore
1231 1410 1413 1464 crescerent
1442 1401 1475 1463 in
1505 1398 1584 1482 dies,

291 1502 438 1568 Herodes
468 1505 501 1566 in
530 1501 658 1569 Italiam
689 1502 852 1588 profectus
883 1501 927 1580 (a.
958 1504 1025 1583 fere
1048 1507 1110 1568 742
1130 1533 1170 1555 =
1192 1507 1248 1588 12)
1277 1501 1359 1566 lilios
1389 1524 1499 1566 secum
1530 1501 1585 1566 ad·

293 1605 408 1671 ductos
430 1604 603 1692 Aquileiae
632 1605 721 1692 apud
743 1605 928 1687 Augustum
958 1606 1140 1684 accusavit,
1173 1605 1229 1670 sed
1260 1605 1302 1670 ab
1332 1606 1525 1690 imperatore
1552 1606 1585 1668 in

292 1711 430 1792 gratiam
454 1709 577 1773 reducti
601 1708 741 1776 suntid.
763 1714 814 1785 16,
836 1713 867 1785 4,
889 1714 965 1785 1-4,
997 1707 1067 1772 tell.
1088 1714 1117 1784 1,
1142 1713 1194 1784 23,
1220 1713 1250 1772 3.
1296 1707 1436 1772 Domum
1463 1709 1584 1772 reversi

290 1810 398 1876 denuo
428 1812 612 1876 inimicitias
639 1809 854 1894 exercebant,
886 1833 966 1898 quas
999 1813 1032 1874 in
1056 1821 1183 1898 tempus
1205 1809 1385 1876 Archelaus
1406 1812 1587 1896 composuit

292 1914 334 1979 id.
359 1919 424 1982 ant.
441 1919 491 1992 16,
507 1919 537 1991 8,
555 1920 583 1992 6,
608 1913 678 1982 tett.
695 1918 724 1991 1,
739 1919 792 1990 25,
813 1913 890 1978 dum
906 1913 1053 1978 Herodes
1069 1913 1295 1979 Alexandrum
1314 1925 1346 1978 ct
1362 1913 1585 1979 Aristobulum

293 2017 427 2083 erimine
455 2015 622 2102 parricidii
653 2017 687 2080 in
714 2015 844 2081 vincula
872 2017 1009 2080 coniecit
1032 2016 1074 2080 id.
1099 2021 1165 2081 aad,
1193 2022 1237 2092 16,
1261 2015 1531 2093 10,1)611.1,27,
1555 2021 1584 2083 1.

293 2120 345 2185 De
374 2119 500 2184 consilii
530 2119 706 2202 sententia,
738 2119 825 2204 quod
848 2119 1006 2204 Berytum
1032 2129 1242 2200 convocarat,
1270 2119 1413 2184 damnati
1444 2127 1476 2183 et
1497 2118 1584 2204 apud

294 2221 451 2288 Sebasten
474 2223 572 2286 occisi
593 2231 670 2286 sunt
692 2244 723 2286 a.
746 2222 813 2302 sere
834 2226 896 2286 747
910 2251 951 2276 =
967 2226 989 2285 7
1009 2222 1051 2286 id.
1070 2227 1119 2298 16,
1135 2227 1185 2299 11,
1203 2228 1278 2298 1-7,
1303 2221 1372 2286 bed.
1390 2227 1419 2298 1,
1435 2225 1489 2298 27,
1505 2227 1583 2304 2-6,

293 2324 464 2408 (Nicotaus
486 2323 676 2393 Damascos.
701 2323 739 2388 de
759 2325 827 2388 vita
847 2345 908 2389 aaa
927 2325 969 2406 [ν.
992 2329 1013 2389 5
1035 2324 1101 2389 III
1111 2325 1172 2401 M,
1197 2323 1317 2390 Strabo
1336 2329 1384 2401 16,
1403 2323 1484 2402 765).

230 2429 292 2492 362
314 2425 517 2509 Alexander,
549 2427 701 2509 Tigranis
730 2427 817 2510 regis
841 2426 1014 2492 Armeniae
1043 2425 1144 2510 filius,
1176 2428 1311 2491 maritus
1340 2427 1468 2514 Iotapes
1498 2426 1585 2492 filiae

292 2529 445 2595 Antiochi
467 2531 554 2613 regis
570 2530 871 2612 Commagenorum,
896 2553 916 2594 a
929 2529 1131 2614 Vespasiano
1155 2528 1285 2613 regulus
1307 2529 1431 2594 insulae
1453 2529 1585 2595 Ciliciae

223 2667 227 2674 ·
293 2633 485 2697 constitutus
507 2632 660 2715 Iosephus
683 2637 747 2699 aad.
771 2637 821 2708 18,
843 2635 873 2709 5,
895 2637 924 2700 4.
978 2632 1159 2697 Memorari
1185 2632 1309 2698 videtur
1334 2634 1370 2698 ia
1399 2637 1419 2700 t.
1445 2631 1481 2698 0.
1505 2633 1586 2697 Iulii

292 2734 458 2818 Apippae
491 2735 555 2818 atti
586 2733 690 2800 Greelr
720 2735 861 2816 inseept.
896 2734 931 2799 ia
964 2734 1014 2800 tlte
1047 2733 1174 2800 Bracae
1203 2736 1353 2800 Musam
1380 2735 1447 2800 III
1463 2757 1500 2818 p.
1522 2739 1587 2799 187

291 2857 323 2900 a.
343 2842 415 2905 537.

229 2940 291 3004 363
312 2938 517 3020 Alexander,
548 2939 750 3024 Asclepiadis
784 2937 885 3020 filius,
918 2938 1134 3022 Cotiaeensis,
1169 2942 1399 3023 grammaticus
1428 2939 1583 3022 Graecus,

292 3044 446 3126 magister
468 3043 569 3106 Marci
595 3044 797 3127 imperatoris
822 3041 957 3106 Marcus
980 3045 1022 3114 εἰς
1043 3043 1147 3108 ἑαυτόν
1170 3047 1270 3118 1,1d,
1293 3043 1347 3106 vd.
1373 3042 1485 3106 Marci
1504 3047 1536 3118 2,
1552 3049 1582 3119 3,

293 3145 445 3228 Stephon.
457 3144 636 3228 Bpaaatias
650 3165 675 3209 s.
692 3167 718 3211 ι).
736 3143 899 3222 Kendema,
915 3144 1074 3208 Aristides
1090 3149 1170 3209 orat.
1190 3145 1270 3209 XII
1281 3145 1414 3227 passim.
1446 3145 1585 3230 Scripsit

294 3245 456 3335 Ὁμηρικὴν
479 3251 661 3335 συγγραφήν,
685 3249 774 3311 escitis
799 3247 951 3328 reliquias
980 3247 1103 3330 eolleqd
1123 3247 1224 3311 Lehrs
1253 3248 1448 3330 quaestiones
1477 3248 1584 3330 opicae

294 3373 330 3432 p.
346 3355 480 3415 11—16.
514 3349 747 3415 Laudationem
772 3347 942 3414 funebrem
961 3352 1030 3414 eius
1046 3350 1087 3414 ad
1103 3349 1310 3415 Cotiaeenses
1326 3351 1455 3436 scripsit
1470 3347 1583 3414 Aelius

293 3453 452 3517 Aristides
475 3453 612 3517 Are'stid.
636 3457 716 3519 orat.
739 3451 822 3516 XII.

229 3555 292 3619 364
312 3554 509 3637 Alexander,
533 3554 730 3638 Platonicus,
756 3577 851 3640 quem
874 3556 1049 3640 imperator
1070 3554 1203 3620 Marcus
1228 3565 1368 3620 sectatur
1384 3555 1520 3620 Morcus
1543 3559 1585 3628 εἰς

293 3657 397 3723 ἑαυτόν
419 3663 448 3734 1,
473 3663 525 3724 12.

228 3761 289 3826 365
311 3759 515 3843 Alexander,
546 3760 727 3826 Alexandri
762 3760 801 3842 f.,
836 3759 932 3844 volgo
967 3759 1172 3847 Πηλοπλοὶτων
1206 3761 1405 3842 nominatus,
1441 3761 1584 3846 sophista

293 3863 516 3946 Seleuciensis,
540 3863 581 3927 ab
605 3866 798 3949 imperatore
813 3863 923 3926 Marco
948 3864 979 3926 in
997 3864 1198 3927 Pannoniam
1214 3873 1354 3945 vocatus,
1379 3862 1421 3928 ab
1438 3863 1582 3947 epistulis

292 3965 426 4030 Graecis
449 3968 518 4030 eius
541 3965 697 4030 Pedasa.
720 3967 774 4030 eii.
797 3965 883 4047 seph.
907 3966 953 4030 ΙΙ
963 3987 1000 4047 p.
1015 3971 1076 4031 571
1084 3986 1094 4044 ,·
1123 3971 1296 4052 τελευτῆσαι
1318 3968 1367 4031 τὸν
1389 3963 1583 4052 Ἀλέξανδρον

291 4071 318 4132 οἱ
339 4070 392 4153 μὲν
416 4069 447 4134 ἐν
470 4066 594 4140 Κελτοῖς
616 4091 704 4156 φασιν
727 4067 769 4134 ἔτι
792 4069 1014 4145 ἐπιστέλλοντα,
1045 4071 1072 4133 οἱ
1103 4067 1162 4134 δ’ἐν
1187 4067 1295 4154 Ἰταλία
1321 4069 1509 4155 πεπαυμένον
1531 4076 1583 4134 τοῦ

291 4171 481 4250 ἐπιστέλλειν,
507 4173 556 4237 καὶ
585 4175 612 4237 οἱ
641 4173 695 4258 μὲν
718 4171 926 4258 teneritati-ep
949 4174 976 4236 oi
999 4173 1032 4236 δὲ
1058 4173 1107 4237 καὶ
1129 4171 1230 4250 odam,
1261 4174 1310 4236 aad
1331 4175 1358 4236 oi
1380 4173 1434 4256 μὲν
1458 4173 1505 4236 ἐπὶ
1527 4175 1584 4257 uiqi

291 4275 318 4336 οἱ
341 4271 424 4338 δ’ἐπὶ
445 4275 571 4362 θυγατρί
590 4273 654 4341 ihd.
672 4277 743 4342 575.

229 4375 291 4439 366
313 4373 510 4458 Alexander,
534 4377 773 4460 Damascenus,
797 4374 1007 4463 philosophus
1030 4376 1275 4462 peripateticus,
1298 4377 1453 4459 magister
1474 4375 1581 4440 Flavii

291 4475 406 4541 Boethi
428 4477 541 4542 Galen.
557 4478 603 4543 II
613 4500 650 4561 p.
665 4483 737 4556 218,
761 4479 856 4545 XIV
864 4502 901 4562 p.
917 4484 990 4546 612.
1010 4483 1075 4543 627
1090 4479 1134 4542 Κ.

229 4579 289 4642 367
312 4577 508 4662 Alexander,
532 4580 781 4646 Abonoteichita
802 4601 925 4664 magus,
947 4580 1089 4665 aequalis
1106 4581 1253 4662 Luciani,
1272 4583 1328 4663 qai
1349 4581 1386 4647 de
1408 4603 1442 4647 eo
1465 4583 1582 4647 libram

293 4678 520 4768 Ἀλέξανδροςῆ
537 4683 730 4769 ψευδόμαντις
752 4683 933 4765 οοιιῳοονιὶἰ.
970 4683 1070 4747 Socer
1090 4683 1246 4749 Rutiliani
1270 4685 1407 4749 Romani
1429 4685 1471 4750 ih.
1487 4691 1516 4751 4.
1531 4689 1581 4750 35.

228 4783 290 4847 368
311 4781 499 4848 Alexander
521 4784 654 4869 quidam
675 4783 763 4869 apud
785 4782 987 4849 Caracallam
1012 4807 1085 4850 reus
1107 4788 1211 4851 factus
1233 4785 1299 4851 Dio
1324 4792 1372 4864 77,
1392 4791 1423 4851 8.

230 4885 291 4951 369
312 4885 516 4969 Alexander,
547 4908 628 4972 puer
649 4887 753 4952 Asinii
778 4886 948 4970 Pollionis,
973 4887 1107 4953 deliciae
1130 4888 1283 4973 Vergilii,
1316 4911 1412 4974 quem
1440 4888 1584 4954 secunda

292 4987 402 5072 ecloga
423 4987 554 5054 Alexim
576 4989 718 5078 appellat
738 4992 791 5059 eit.
816 4989 904 5073 Verp.
928 4989 1048 5056 Donat.
1066 5011 1102 5074 p.
1118 4997 1162 5056 57
1174 4991 1227 5069 R,
1252 4990 1382 5057 Samae
1404 4991 1507 5068 eae,
1524 4995 1552 5058 1.
