3758 5628
327 261 511 320 CLAVDIVS
972 255 1035 321 362
1494 261 1679 320 CLAVDIVS

458 461 602 524 Primum
632 482 654 523 a
680 470 772 546 patre
802 459 852 524 Ti.
880 457 1036 525 Claudius
1067 460 1280 527 Germanicus
1310 460 1433 544 dictus,
1464 459 1583 524 deinde
1612 469 1683 545 post

391 564 596 628 Britanniam
619 561 797 626 subiectam
813 563 854 644 (a.
871 564 926 644 m)
942 573 1073 628 senatus
1092 563 1237 628 consulto
1253 564 1459 629 Britannicus
1479 573 1682 648 nuncupatus

394 679 451 746 est,
468 667 606 731 ὥστεκαὶ
623 673 732 751 κυρίως
748 665 856 752 τρόπον
871 665 933 730 τινὰ
951 663 1145 751 Βρεττανικὸν
1161 668 1250 732 αὐτὸν
1265 668 1467 752 ὀνομασθῆναι
1482 664 1548 730 Dio
1562 671 1612 742 60,
1627 669 1682 740 22,

394 768 522 834 Sueten.
546 765 657 832 Claud.
681 773 734 834 27.
778 767 808 832 A
831 766 957 833 Sosibio
985 768 1141 833 educatus
1168 769 1242 834 Tac.
1265 791 1295 833 o.
1318 775 1366 846 11,
1389 774 1419 833 1.
1441 774 1470 846 4,
1494 769 1550 854 qui
1574 777 1683 854 postea

392 870 575 956 Agrippina
603 869 757 934 moliente
784 881 910 935 amotus
940 889 973 936 et
1002 872 1191 936 interfectus
1220 883 1269 934 cst
1297 869 1363 935 Dio
1385 875 1435 948 60,
1457 875 1510 937 32.
1555 871 1683 934 Nerone

393 971 545 1057 adoptato
564 971 726 1036 desolatus
742 972 899 1058 paulatim
914 975 1010 1038 etiam
1030 972 1204 1038 servilibus
1219 975 1405 1039 ministeriis
1427 973 1501 1040 Tac.
1517 995 1547 1038 o.
1566 979 1616 1050 12,
1631 977 1682 1039 26.

393 1073 474 1140 Cum
510 1097 538 1138 a.
570 1077 606 1139 51
644 1075 778 1140 fratrem
811 1075 999 1161 adoptatum
1032 1077 1215 1140 Domitium
1249 1075 1469 1160 salutavisset,
1503 1076 1684 1162 Agrippina

393 1198 536 1242 noverca
565 1200 638 1242 eum
668 1177 873 1263 adoptionem
896 1177 1035 1242 Neronis
1065 1201 1217 1265 spernere
1247 1178 1332 1264 apud
1357 1177 1529 1244 Claudium
1554 1179 1681 1242 insimu-

393 1278 481 1362 lavit,
506 1281 563 1365 qui
586 1280 775 1345 criminibus
798 1279 885 1344 illius
913 1291 1090 1346 commotus
1117 1282 1273 1368 optimum
1296 1303 1458 1369 quemque
1480 1281 1683 1346 educatorem

392 1383 573 1446 Britannici
590 1380 688 1447 exilio
712 1393 769 1447 aut
789 1394 891 1446 morte
914 1383 1022 1448 affecit
1043 1383 1201 1469 datosque
1223 1406 1243 1448 a
1265 1404 1407 1448 noverca
1428 1383 1594 1449 custodiae
1617 1383 1682 1445 eius

394 1486 547 1570 imposuit
568 1483 633 1549 ibri.
653 1491 705 1561 12,
719 1491 770 1562 41,
794 1485 922 1550 Snelon.
948 1485 1036 1550 Nero
1060 1491 1087 1562 7,
1109 1485 1176 1550 Dio
1198 1491 1248 1564 60,
1263 1491 1316 1552 32.
1362 1486 1430 1550 Sub
1454 1488 1576 1549 exitum
1600 1485 1684 1548 vitae

394 1585 551 1652 Claudius
567 1587 661 1668 signa
671 1587 832 1672 quaedam
848 1609 907 1650 nec
923 1587 1061 1652 obscura
1076 1590 1292 1674 paenitentiae
1304 1587 1344 1652 de
1360 1587 1497 1653 Neronis
1513 1587 1684 1672 adoptione

394 1688 485 1754 dedit
506 1699 538 1752 et
560 1689 697 1754 subinde
720 1690 853 1754 obvium
876 1689 937 1754 sibi
959 1690 1184 1756 Britannicum
1207 1691 1307 1755 artius
1330 1689 1517 1777 complexus
1541 1689 1684 1754 hortatus

395 1803 452 1873 est,
476 1802 513 1855 ut
535 1802 695 1857 cresceret
716 1793 939 1879 rationemque
961 1815 981 1857 a
999 1815 1033 1858 se
1049 1795 1192 1858 omnium
1208 1793 1365 1858 factorum
1381 1795 1543 1879 acciperet
1557 1793 1684 1858 Snclon.

395 1892 508 1959 mand.
524 1899 576 1959 43.
623 1894 674 1959 Ab
697 1895 881 1980 Agrippina
903 1917 944 1960 ne
966 1894 1116 1960 eubiculo
1139 1899 1242 1982 patris
1267 1895 1476 1980 egrederetur
1495 1894 1684 1981 prohibitus,

394 1996 472 2061 dum
494 1995 549 2060 ille
570 1999 710 2062 animam
733 1997 858 2062 efflaret
883 1998 956 2063 Tac.
981 2020 1011 2063 a.
1035 2004 1088 2075 12,
1113 2002 1162 2063 68.
1206 1997 1290 2064 Cum
1312 1999 1589 2084 appropinquaret
1609 1997 1684 2076 dies,

394 2121 458 2185 quo
481 2111 634 2184 quartum
657 2098 817 2164 decimum
841 2102 955 2164 aetatis
975 2123 1095 2166 annum
1110 2101 1317 2166 Britannicus
1339 2099 1500 2185 explebat,
1523 2099 1611 2165 Nero
1626 2097 1683 2162 sub

395 2204 521 2267 initium
538 2223 567 2270 a.
583 2206 624 2268 55
641 2223 739 2288 opera
754 2203 917 2267 Lucustae
932 2203 1095 2268 veneticae
1114 2225 1187 2268 eum
1207 2201 1390 2290 epulantem
1406 2224 1533 2266 veneno
1549 2201 1685 2266 emedio

397 2303 528 2368 sustulit
549 2325 730 2391 corpusque
753 2307 869 2390 raptim
893 2306 926 2369 in
957 2327 1069 2390 campo
1092 2305 1211 2370 Martio
1241 2305 1390 2390 sepelivit
1413 2305 1478 2370 ibd.
1501 2310 1550 2382 13,
1574 2309 1685 2380 15-17‚

301 2472 303 2478 ,
398 2405 527 2473 Sueten.
552 2407 639 2471 Nero
661 2412 712 2483 33,
735 2405 802 2471 Dio
824 2413 874 2484 61,
898 2413 926 2472 1.
950 2413 979 2482 7,
1003 2407 1126 2490 Ιοεορὶν.
1150 2413 1216 2474 ont.
1240 2412 1293 2485 20,
1316 2411 1347 2484 8,
1370 2413 1402 2484 2,
1434 2407 1505 2472 bell.
1527 2413 1560 2484 2,
1584 2413 1636 2485 12,
1657 2409 1687 2483 8,

397 2509 534 2592 Enlrop.
551 2513 649 2586 7,12.
667 2514 716 2586 14,
738 2508 832 2574 schol.
850 2509 895 2573 ad
911 2509 1054 2575 Inveriol.
1073 2515 1133 2578 sol.
1150 2517 1179 2588 1,
1197 2516 1252 2588 71;
1274 2515 1303 2588 6,
1320 2514 1398 2588 117,
1417 2513 1448 2586 8,
1464 2513 1538 2588 218,
1562 2510 1687 2576 Aelian.

400 2611 437 2676 de
457 2616 524 2676 not.
549 2611 680 2678 animal.
701 2617 730 2688 5,
754 2617 807 2678 29.
852 2613 946 2677 Titus
969 2613 1161 2699 Vespasiani
1193 2613 1279 2678 filius
1302 2615 1357 2699 qui
1380 2613 1630 2678 familiarissime
1652 2633 1687 2675 eo

399 2737 476 2780 usus
498 2725 575 2800 erat,
600 2727 711 2801 postea
736 2726 875 2781 statuam
896 2719 925 2780 ei
948 2738 1081 2781 auream
1104 2718 1138 2780 in
1161 2717 1286 2782 Palatio
1309 2718 1418 2802 posuit
1439 2728 1471 2780 et
1493 2715 1627 2780 alteram
1650 2736 1689 2778 ex

400 2815 496 2881 ebore
520 2831 709 2904 equestrem,
734 2841 818 2904 quae
840 2818 986 2884 Circensi
1008 2841 1129 2907 pompa
1156 2818 1409 2905 praeferebatur,
1432 2818 1599 2884 dedicavit
1620 2839 1688 2904 pro-

398 2932 593 3006 secutusque
616 2930 665 2985 est
679 2921 808 2989 Sueten.
829 2921 889 2988 Til.
905 2927 938 2989 2.

463 3023 662 3088 Memoralnr
688 3024 762 3089 Tac.
785 3046 815 3089 a.
838 3030 887 3100 11,
909 3029 962 3090 26.
985 3029 1043 3102 34;
1064 3031 1116 3101 12,
1136 3031 1169 3091 2.
1186 3031 1215 3090 9.
1232 3029 1280 3090 65.
1297 3029 1347 3092 68.
1363 3029 1421 3102 69;
1443 3027 1687 3100 13,16.14.19.

398 3131 459 3204 21,·
480 3131 528 3202 14,
544 3129 574 3204 3,
598 3125 728 3191 Sueten.
746 3126 834 3192 Nero
849 3131 878 3204 6,
901 3126 1078 3192 Herodian.
1095 3133 1125 3204 4,
1140 3135 1169 3204 6,
1186 3133 1215 3195 6.

334 3228 465 3295 667T1.
497 3229 712 3311 Glinvnlvs)
742 3238 1012 3294 CALLIPPIANVS
1046 3239 1235 3312 ITAIJICVS,
1268 3233 1394 3304 ὕπατος,
1429 3230 1611 3317 πρεσβευτὴς
1642 3229 1688 3292 ttal

399 3333 623 3419 ἀντιστράτηγος
651 3339 710 3397 τῶν
739 3332 916 3419 Σεβαστῶν,
947 3335 1081 3418 λογιστὴς
1110 3335 1160 3398 καὶ
1189 3334 1403 3418 ἐπανορθωτὴς
1431 3339 1490 3396 τῶν
1520 3331 1687 3418 ἐλευθέρων

400 3433 518 3498 πόλεων
536 3433 664 3516 publice
685 3433 858 3499 honoratus
880 3440 901 3501 t.
924 3435 1033 3499 Attico
1056 3433 1133 3499 0111
1156 3434 1220 3499 ΙΙΙ
1239 3439 1308 3501 631.

465 3535 541 3600 Fuit
562 3534 675 3600 consul
696 3534 857 3619 (suffectus
873 3557 956 3601 anno
971 3537 1112 3616 incerto),
1135 3536 1259 3620 legatus
1277 3540 1498 3620 Augustorum
1520 3559 1580 3623 pro
1604 3557 1688 3623 prae

401 3649 471 3702 tore
500 3639 617 3702 missus
646 3637 688 3704 ad
718 3639 946 3722 corrigendum
976 3649 1094 3704 statum
1123 3642 1303 3705 civitatium
1334 3639 1510 3706 liberarum
1538 3638 1688 3704 Achaiae.

401 3739 458 3803 Ad
473 3745 607 3805 oetatem
623 3741 733 3806 Severi
746 3747 776 3806 et
789 3741 948 3808 Antonini
961 3743 1083 3808 rettulit
1097 3741 1320 3826 Dittmberper
1334 3743 1466 3826 prem.
1483 3765 1530 3825 qr.
1542 3749 1561 3807 1
1570 3765 1607 3825 ρ.
1619 3744 1689 3810 248.

338 3843 400 3907 668
424 3852 495 3906 TlB.
513 3844 943 3927 on(svl)1vs)ostmmvs‚
982 3843 1108 3910 Tilnlns
1129 3846 1462 3911 einsTarraconensis
1482 3845 1687 3910 111111.-

404 3944 548 4009 Nomina
561 3945 663 4029 plena
685 3947 807 4012 annibal
830 3947 949 4025 ritune,
972 3947 1139 4012 Candidus
1163 3947 1250 4031 opud
1269 3946 1417 4012 Dionem.

469 4048 656 4114 Praefectus
678 4049 818 4115 cohortis
844 4049 1006 4115 secundae
1027 4051 1146 4115 civium
1170 4051 1403 4134 Romanorum,
1434 4050 1584 4116 tribunus
1613 4045 1690 4112 mili-

403 4160 472 4215 tum
502 4150 637 4235 legionis
664 4153 698 4218 Π
727 4153 912 4238 Augustae,
942 4157 1146 4240 praepositus
1174 4156 1341 4241 copiarum
1371 4153 1587 4240 expeditionis
1615 4153 1689 4218 Ger-

403 4255 549 4325 manicae
577 4255 740 4321 secundae
769 4253 900 4336 (seilicet
931 4255 979 4323 M.
1002 4256 1132 4320 Aurelii
1156 4261 1186 4321 cl
1208 4255 1370 4322 Commodi
1390 4255 1540 4320 adversm
1563 4255 1690 4320 Marco-

402 4377 515 4422 manos
543 4379 574 4422 o.
598 4360 681 4442 178),
711 4369 903 4444 procurator
923 4359 992 4423 XX
1013 4358 1241 4424 hereditatium
1270 4380 1328 4444 per
1350 4356 1475 4423 Gallias
1497 4357 1688 4441 Lugdunen-

406 4481 473 4523 sem
496 4470 529 4524 et
550 4458 716 4543 Belgicam
740 4472 772 4527 et
794 4471 967 4548 utramque
989 4461 1207 4545 Germaniam,
1232 4460 1365 4526 allectus
1388 4461 1472 4525 inter
1494 4457 1692 4530 tribunicios,

406 4561 482 4625 item
505 4565 701 4648 praetorios,
731 4575 862 4629 curator
883 4565 1024 4628 civitatis
1047 4564 1279 4647 Teanensium,
1309 4562 1437 4647 legatus
1466 4584 1525 4650 pro
1553 4585 1602 4648 pr.
1624 4579 1691 4646 pro·

406 4665 534 4729 vinciae
554 4665 668 4751 Asiae,
697 4665 815 4750 legista
838 4667 978 4732 civitatis
1001 4665 1280 4752 splendidissimae
1302 4665 1597 4748 Nicomedensium,
1620 4664 1691 4725 item

408 4767 640 4853 Ephesiorum
676 4769 746 4834 dux
779 4770 941 4834 exercitus
972 4767 1097 4854 Illyrici
1131 4768 1338 4854 expeditione
1366 4767 1490 4833 Asiana
1526 4771 1576 4834 tit.
1609 4759 1691 4850 apud

406 4871 560 4938 Nicaeam
581 4895 611 4940 a.
636 4873 697 4937 194
718 4873 799 4938 vicit
819 4872 1034 4936 Pescennium
1056 4871 1195 4955 Nigrum
1216 4869 1284 4936 Dio
1306 4875 1354 4951 74,
1378 4875 1410 4949 6,
1441 4871 1518 4934 item
1544 4865 1692 4936 Parthica
