3818 5620
200 349 431 406 ARCHELAVS
853 339 913 407 127
932 350 937 367 “
1339 345 1563 405 ARCHELAVS

271 546 448 613 Antoniam
470 557 599 634 neptem
614 546 748 612 Antonii
771 547 943 630 triumviri,
970 567 1054 632 quac
1069 555 1173 631 nupta
1187 543 1295 610 fuerat
1310 543 1477 610 Polemoni
1493 545 1561 628 regi

273 651 385 734 Ponti,
416 663 491 736 post
520 673 630 715 necem
660 652 767 714 mariti
795 645 905 729 (occisi
934 650 1074 715 circae.
1098 645 1563 734 7161747ε81711Ρ415)

272 775 407 818 uxorem
429 754 525 818 duxit
547 753 667 819 Strabo
689 757 742 829 12,
756 757 786 830 3,
801 757 846 818 29
862 773 898 834 p.
913 755 982 818 556.

335 856 496 939 Tiberius,
521 858 576 942 qui
599 853 750 920 civilibus
773 854 957 920 officiorum
980 855 1171 920 rudimentis
1194 851 1391 920 Archelaum
1413 853 1562 938 Augusto

270 969 483 1042 cognoscente
510 957 685 1044 aliquando
716 956 905 1022 defenderat
934 957 1062 1023 Sueten.
1090 958 1192 1026 Ticer.
1214 963 1253 1039 8,
1285 979 1394 1042 regern
1425 957 1457 1020 in
1489 956 1563 1021 odio

221 1111 224 1116 -
271 1061 393 1146 hahuit,
418 1061 505 1148 quod
528 1083 602 1126 cum
625 1059 730 1126 Rhodi
755 1069 904 1144 agentem
925 1063 1066 1125 monitus
1092 1061 1134 1126 ab
1165 1061 1286 1125 intImis
1310 1060 1450 1143 Augusti
1474 1057 1562 1123 nullo

272 1164 379 1230 officio
409 1164 570 1248 coluerat,
601 1165 711 1250 itaque
740 1185 877 1246 regnum
905 1161 1042 1248 adeptus
1068 1160 1265 1228 Archelaum
1289 1165 1423 1228 Romam
1452 1163 1563 1226 matris

271 1267 386 1332 litteris
409 1266 536 1350 clicuit3
564 1289 627 1353 qno
649 1287 724 1331 cum
745 1268 895 1347 venisset,
920 1267 953 1330 in
977 1277 1092 1332 senatu
1114 1264 1155 1330 ob
1180 1267 1325 1344 crimina,
1356 1287 1440 1352 quae
1463 1263 1563 1346 finge-

270 1369 398 1449 bantur,
423 1379 592 1434 accusatas
615 1380 663 1434 est
685 1367 857 1452 (adquam
886 1369 1304 1452 aeatsatioaempertr'nrre
1324 1368 1456 1445 vr'detar,
1481 1366 1564 1450 proed

271 1471 492 1537 Phrlostretus
502 1474 557 1540 or't.
564 1471 733 1554 Apollonii
743 1476 773 1548 1,
785 1477 829 1537 12
843 1470 1159 1536 soribdArchelaum
1171 1493 1244 1535 cum
1261 1470 1407 1557 praeside
1423 1469 1564 1556 quodam

272 1573 406 1640 Ciliciae
421 1576 455 1638 in
472 1576 633 1640 Romanos
650 1573 869 1657 coniurasse),
892 1595 1012 1658 angore
1032 1573 1207 1660 perculsus,
1231 1573 1327 1639 simul
1350 1575 1452 1638 fessus
1475 1573 1564 1638 senio

273 1677 368 1742 linem
390 1679 477 1742 vitae
503 1689 617 1762 sponte
643 1699 685 1740 an
711 1676 776 1742 lato
801 1675 949 1763 implevit
974 1698 1059 1742 anno
1085 1677 1124 1742 17
1155 1677 1229 1742 raa.
1255 1700 1286 1742 a.
1309 1682 1342 1753 2,
1358 1681 1411 1754 42,
1435 1675 1563 1742 Straton.

276 1780 379 1845 Ticer.
401 1784 452 1856 37,
475 1779 613 1856 Dicor,
634 1783 683 1846 17.
735 1778 883 1862 Regnum
915 1780 946 1842 in
977 1781 1179 1864 provinciam
1211 1777 1376 1844 redactum
1403 1789 1452 1844 est
1478 1779 1563 1856 Tea,

272 1883 413 1960 Straton,
429 1881 495 1947 Dio
511 1882 530 1946 l.
544 1881 576 1959 t,
587 1885 760 1964 praetcrea
775 1881 895 1946 Strabo
906 1887 958 1958 12,
975 1887 1004 1958 1,
1020 1888 1045 1948 2
1060 1905 1096 1966 p.
1107 1887 1176 1958 534,
1193 1881 1434 1964 Eutrop.7,11,
1459 1881 1565 1945 Victor

271 1983 361 2050 Caes.
376 1989 410 2062 2,
424 1989 455 2061 3,
477 1983 626 2068 Epz'tome
640 1989 673 2060 2,
688 1988 718 2060 8,
742 1983 860 2067 Rufius
873 1983 989 2048 Festus
1011 1989 1059 2062 11,
1083 1985 1192 2068 Irpdas
1214 1984 1252 2050 de
1273 1985 1452 2068 mapistrat.
1467 1987 1497 2058 3,
1512 1987 1563 2048 57.

336 2087 517 2152 Archelaus
540 2089 556 2152 ὁ
577 2091 779 2174 χωρογράφος
794 2095 846 2174 τῆς
862 2090 918 2152 ὑπὸ
936 2085 1122 2175 Ἀλεξάνδρου
1139 2089 1391 2174 παττῦείσηςιγῆς
1405 2084 1564 2168 Diopcttes

256 2192 378 2257 'Laert
394 2195 426 2268 2,
442 2196 471 2268 4,
488 2197 531 2255 17
536 2211 546 2268 ;
567 2189 748 2255 Archelaus
770 2213 828 2254 rex
853 2201 965 2255 auctor
988 2190 1084 2256 Plinii
1108 2190 1194 2269 Plio,
1217 2212 1248 2256 rr.
1271 2190 1301 2258 ln.
1318 2190 1337 2258 l.
1354 2195 1384 2258 8.
1401 2195 1430 2255 9.
1446 2193 1497 2254 18.
1512 2192 1562 2265 37,

271 2287 391 2358 altatar
406 2293 468 2358 ibd.
486 2293 508 2360 l.
523 2297 567 2358 37
579 2293 629 2378 (dc
641 2294 793 2378 paneae),
807 2297 857 2358 46.
873 2299 920 2358 95.
942 2299 1006 2358 104.
1026 2299 1086 2358 197
1091 2314 1101 2372 ;
1120 2293 1221 2358 Iubae
1237 2303 1269 2358 et
1284 2291 1434 2358 Archelai
1451 2312 1563 2375 regum

271 2395 346 2460 libri
370 2397 511 2461 citantur
533 2395 761 2474 Sotia.52,19
782 2397 838 2478 qai
859 2395 944 2460 locas
965 2418 1030 2460 aaa
1052 2418 1090 2462 ea
1111 2396 1223 2461 Pl'rrr‘o
1244 2401 1387 2478 sumptas
1408 2399 1463 2460 cst.

336 2497 521 2564 Archelauo
539 2497 625 2563 filius
647 2504 668 2564 t.
683 2504 713 2564 3.
738 2501 779 2582 of.
794 2521 825 2564 rt.
842 2504 913 2576 831,
936 2501 1096 2583 Tigranes
1119 2501 1205 2583 regis
1228 2498 1380 2564 Archelai
1403 2518 1563 2584 pronepos

272 2601 402 2686 &cilicet
418 2623 480 2684 per
507 2601 706 2685 Glaphyran
728 2601 847 2683 aviani)
874 2603 949 2668 Tac.
971 2625 1001 2668 a.
1024 2608 1073 2680 14,
1088 2608 1141 2668 26.

206 2706 269 2770 831
294 2703 482 2788 Archelaus,
501 2702 652 2769 Archelai
670 2706 756 2788 regis
768 2704 886 2788 (altiori
900 2704 1137 2788 Cappadocem)
1154 2703 1239 2769 tilius
1247 2704 1377 2788 publice
1390 2703 1564 2768 hartmatus

272 2813 293 2872 t.
316 2807 425 2872 Attico
445 2807 524 2874 CIA
542 2807 609 2873 ΙΙΙ
620 2811 699 2886 548;
723 2806 900 2873 ‘Cletarum
923 2809 978 2893 (cf.
1001 2807 1148 2876 Willrelm
1170 2807 1281 2875 Mitto.
1305 2827 1337 2872 a.
1360 2805 1458 2873 Oestr.
1482 2809 1563 2870 1894

268 2934 305 2994 p.
329 2917 357 2988 1,
389 2910 548 2976 Clitarum
571 2911 724 2993 tradatur)
747 2913 835 2976 natio
859 2910 1044 2998 Cappadoci
1067 2911 1227 2976 Archelao
1251 2909 1404 2975 subiecta‘
1434 2909 1507 2974 Tac.
1531 2929 1562 2972 a.

271 3019 301 3090 5,
315 3019 356 3078 41
369 3015 426 3078 aab
443 3034 473 3081 a.
488 3018 538 3091 36,
553 3013 636 3079 ande
650 3013 827 3078 Archelaus
845 3014 941 3098 filius,
959 3018 1130 3097 postquam
1144 3035 1274 3098 reprom
1290 3010 1514 3096 Cappadociae
1528 3009 1564 3074 in

268 3117 470 3200 provinciam
486 3116 649 3182 redactura
672 3122 725 3194 est,
747 3117 895 3182 Ciliciam
920 3117 1105 3194 Trachaam,
1128 3138 1223 3200 paura
1243 3121 1336 3200 poter
1355 3115 1395 3180 ab
1418 3112 1563 3196 Aapusto

270 3224 444 3302 acceperat,
465 3220 633 3284 rcte'aurssc
653 3219 786 3285 videtur.

205 3325 270 3388 832
294 3321 441 3386 Herodes
463 3320 653 3388 Archelaus.
698 3321 740 3386 Ia
768 3322 905 3386 camaris
933 3322 988 3406 (cf.
1019 3321 1178 3398 Madden,
1217 3321 1314 3388 Cor'as
1340 3321 1381 3402 of
1404 3318 1454 3384 tlte
1482 3319 1563 3384 leros

272 3447 308 3508 p.
325 3428 482 3510 115-118)
499 3423 616 3489 dr'cr'tar
631 3424 795 3508 Herodes3
812 3423 983 3511 Ἡρώδηςὸ
1001 3424 1192 3496 Παλαιστῖνος
1207 3423 1272 3489 Dio
1286 3428 1335 3502 55,
1351 3428 1397 3489 27
1402 3443 1412 3501 ;
1429 3426 1562 3488 ceteram

271 3525 452 3592 Archelaus
475 3548 517 3593 eo.
543 3527 661 3591 Mottla
684 3533 718 3604 2,
734 3533 782 3593 22
803 3533 833 3592 et
853 3527 940 3610 apud
958 3530 1128 3611 scriptores
1148 3527 1294 3609 reliquos.

335 3629 483 3695 Herodes
499 3629 611 3713 Magni
627 3651 669 3694 ex
685 3628 847 3694 Malthace
862 3630 1065 3696 Samaritana
1079 3630 1173 3713 filius,
1195 3629 1296 3694 frater
1310 3631 1411 3693 maior
1425 3627 1561 3712 (Ioseph.

272 3731 342 3798 bell.
364 3738 394 3809 1,
409 3737 461 3814 32,
480 3737 514 3810 7;
533 3738 563 3810 1,
577 3737 627 3808 33,
646 3732 677 3815 7)
698 3732 840 3796 Herodis
861 3731 1003 3819 Antipae
1025 3733 1150 3818 Ioseph.
1174 3737 1240 3798 ant.
1261 3738 1310 3797 17.
1337 3741 1361 3806 1,
1386 3737 1415 3796 3.
1440 3734 1498 3794 1,.Ιέ
1536 3737 1560 3808 1,

270 3839 325 3912 28,
340 3841 377 3914 4,·
400 3855 475 3899 eum
491 3833 640 3921 Philippo
663 3833 763 3899 fratre
780 3836 900 3900 Romae
923 3834 1078 3901 educatus
1101 3846 1174 3922 post
1195 3856 1306 3898 necem
1342 3837 1352 3883 t
1372 3837 1385 3892 ·ῑ
1410 3844 1448 3888 ra
1466 3831 1507 3896 nh
1532 3846 1563 3896 ot

271 3936 450 4002 Alexandri
475 3939 572 4020 (anno
591 3937 659 4019 sere
675 3943 737 4004 747
751 3967 791 3992 ==
807 3942 871 4003 7a.
894 3938 941 4025 C.)
965 3961 984 4002 a
1006 3949 1098 4024 patre
1121 3937 1250 4002 domum
1271 3959 1335 4001 rev·
1370 3960 1410 3998 nr
1431 3983 1450 3997 ..
1486 3959 1504 4018 r,
1520 3945 1561 3996 nn

272 4061 370 4126 quem
386 4038 558 4125 Antipater
580 4050 753 4126 utrumque
775 4039 965 4105 calumniari
989 4039 1105 4124 studet,
1129 4039 1422 4116 td.aat.1;³‚r,a‚·
1447 4039 1514 4101 tals.
1539 4042 1560 4112 1,

269 4147 319 4218 31,
332 4147 362 4208 1.
382 4141 588 4206 Testamenta
602 4165 751 4229 supremo
763 4143 904 4208 Herodis
916 4167 975 4208 rex
987 4142 1126 4208 Iudaeae
1137 4144 1330 4208 constitutus
1345 4149 1561 4228 postmortem

273 4246 372 4331 patris
396 4241 439 4322 (a.
456 4249 517 4310 750
532 4273 574 4298 ==
589 4251 609 4309 4
625 4267 654 4310 a.
676 4244 725 4328 0)
753 4245 969 4332 appellatione
992 4247 1083 4329 regia
1103 4247 1268 4329 abstinuit,
1293 4245 1369 4309 dum
1393 4243 1561 4325 Augustus

271 4369 343 4411 eam
366 4347 557 4412 concederet
580 4347 622 4412 td.
647 4353 712 4414 aret.
735 4354 785 4426 17,
800 4353 832 4425 8,
856 4349 926 4414 bell.
948 4355 971 4424 1,
986 4353 1036 4426 33,
1055 4354 1130 4414 7-9.
1169 4351 1342 4432 Postquam
1373 4345 1562 4411 seditionem

270 4447 382 4534 populi
405 4451 503 4514 armis
526 4451 694 4536 repressit,
725 4450 860 4515 Romam
882 4451 1046 4536 profectus
1069 4451 1468 4528 estid.aat.17,9‚1-3,
1492 4446 1561 4514 cett.

270 4556 442 4629 2,1,1-3.
480 4550 555 4632 Quo
576 4575 651 4617 cum
674 4553 812 4639 Antipas
835 4563 868 4617 ct
883 4551 1054 4639 Philippus
1078 4553 1193 4618 fratres
1216 4552 1311 4618 simul
1336 4554 1501 4618 venissent
1521 4549 1563 4614 de

271 4653 363 4737 regni
386 4653 566 4718 hereditate
589 4657 751 4737 certaturi,
775 4665 944 4742 praeterea
960 4654 1078 4738 legatio
1094 4654 1202 4742 populi
1219 4655 1423 4737 Iudaeorum,
1441 4653 1562 4720 Arche·

271 4754 339 4821 laus
367 4756 453 4842 apud
481 4756 667 4841 Augustum
696 4759 738 4823 ab
767 4758 965 4824 adversariis
995 4761 1152 4822 acerrime
1180 4768 1350 4823 accusatus
1380 4781 1400 4821 a
1429 4756 1563 4822 Nicolao

272 4857 474 4924 Damascene
490 4858 642 4924 defensus
659 4871 723 4940 est3
743 4859 818 4925 inde
834 4860 1001 4944 Augustus
1017 4861 1138 4945 statuit,
1155 4871 1192 4925 ut
1202 4859 1382 4924 Archelaus
1397 4858 1562 4923 dimidiam

274 4971 396 5048 partem
417 4965 508 5048 regni
532 4962 683 5050 Herodis,
709 4962 863 5030 Iudaeam
884 4973 917 5029 et
936 4965 1124 5032 Idumaeam
1148 4973 1180 5031 et
1198 4963 1379 5030 Samariam
1401 4983 1474 5028 cum
1494 4958 1563 5024 eth-
