3758 5628
322 308 498 364 omomvs
965 302 1029 368 330
1506 311 1677 367 culorum

385 509 530 591 signatus
553 508 674 576 estoit.
696 507 802 586 Plio,
826 509 1079 596 remediusque
1103 511 1186 574 inter
1206 509 1300 574 Pium
1323 518 1357 574 et
1378 509 1523 574 Marcum
1549 509 1677 592 resedit,
1719 543 1721 546 ·

384 632 456 675 eum
480 620 631 696 quaestor
652 611 772 697 populo
795 633 911 677 munus
934 612 1026 677 daret
1046 613 1114 678 uilo
1127 617 1157 689 3,
1173 617 1206 678 2.
1243 612 1322 677 Post
1344 623 1551 698 quaesturam
1574 636 1594 676 a
1617 612 1678 677 Pio

385 711 497 776 consul
519 712 623 777 faetus
645 723 695 778 est
714 715 768 778 vit.
789 713 846 778 Pii
866 719 916 792 10,
939 719 969 792 3,
992 737 1064 779 cum
1088 713 1155 796 (T.)
1179 713 1292 780 Sextio
1315 715 1477 779 Laterano
1501 715 1569 778 vito
1589 719 1618 790 3,
1639 717 1680 792 3,·

384 815 495 879 consul
510 816 528 880 I
542 838 571 882 a.
589 817 650 880 154
664 816 752 899 fusti.
797 817 978 882 Interiectis
993 819 1087 882 annis
1103 839 1177 881 eum
1192 817 1303 882 Marco
1322 816 1422 882 fratre
1439 817 1556 881 iterum
1573 816 1679 881 lactus

384 927 433 984 est
454 920 565 985 consul
586 921 654 985 cito
674 927 704 998 3,
725 926 763 1000 3;
784 921 898 986 consul
921 923 954 987 Il
976 945 1004 987 a.
1031 924 1088 988 161
1115 923 1204 1004 fasti.
1249 921 1317 986 Diu
1339 931 1449 986 autem
1473 931 1505 986 et
1527 921 1679 1007 privatus

383 1021 445 1086 fuit
467 1031 499 1088 ct
516 1045 555 1087 ea
577 1022 823 1090 honorificentia
837 1026 950 1107 caruit,
974 1047 1040 1111 qua
1054 1025 1187 1089 Marcus
1201 1023 1395 1106 ornabatur3
1419 1045 1494 1089 nam
1518 1023 1678 1109 usquein
1866 1093 1867 1102 ,

383 1133 497 1189 senatu
513 1136 588 1189 aute
602 1136 810 1213 quaesturam
826 1126 910 1192 sedit
926 1149 1031 1212 neque
1046 1127 1079 1190 in
1095 1127 1210 1192 itinere
1225 1148 1300 1190 cum
1316 1137 1416 1211 patre,
1431 1123 1574 1191 sericum
1587 1147 1677 1211 prae·
1866 1195 1867 1212 χ

383 1226 468 1292 fecto
484 1229 646 1313 praetorio
666 1239 778 1294 vectus
794 1239 842 1294 est
857 1251 916 1294 nec
931 1229 1021 1294 aliud
1037 1231 1065 1294 ei
1081 1228 1346 1294 honorificentiae
1360 1229 1522 1294 adnomen
1544 1227 1676 1292 adiuue-

385 1339 523 1412 tumeat,
545 1353 643 1416 quam
658 1331 743 1418 quod
760 1329 901 1414 Augusti
924 1330 1010 1397 filius
1031 1331 1212 1418 appellatus
1236 1342 1284 1396 est
1304 1333 1372 1396 vito
1385 1337 1415 1409 3,
1432 1335 1506 1398 4-5.
1536 1331 1579 1396 Irl
1592 1329 1678 1412 queri
1866 1323 1867 1348 ¹

384 1432 607 1516 cmnprobotor
636 1433 861 1500 3131133133Ι
888 1435 934 1500 ΙΙ
949 1439 1038 1512 1643,
1066 1436 1133 1500 ΙΙΙ
1147 1439 1238 1512 3843,
1268 1435 1326 1498 351
1355 1433 1474 1501 dicitur
1503 1433 1541 1502 L.
1563 1433 1678 1499 Aelius

382 1534 536 1600 Aurelius
558 1535 643 1620 Aug.
666 1537 688 1602 s.
712 1537 926 1619 Commodum
950 1559 1012 1620 per
1035 1537 1167 1603 363333
1189 1537 1256 1601 mco
1281 1536 1343 1602 Pio
1366 1537 1468 1602 dictos
1489 1541 1535 1602 331
1555 1536 1677 1602 Caesar

382 1639 418 1702 ia
432 1644 453 1702 t.
471 1636 664 1704 Novaricnsi
686 1639 811 1706 76573
833 1645 863 1705 ct
884 1641 919 1704 iu
938 1639 1174 1724 tepoliso.148
1187 1639 1362 1708 Χ77333.
1378 1643 1449 1717 150,
1474 1643 1533 1705 735
1548 1639 1588 1720 cf.
1606 1641 1676 1702 734.
1866 1705 1867 1724 ,

314 1783 321 1796 ·
384 1739 500 1824 Augur
521 1742 599 1806 vivo
622 1742 681 1807 Pio
703 1742 766 1808 fuit
786 1741 823 1808 X
842 1747 932 1808 5051.
1866 1735 1867 1796 1

312 1884 319 1912 ι.
446 1843 611 1909 Antonino
638 1844 698 1909 Pio
727 1842 821 1911 diet
853 1845 972 1910 mensis
994 1845 1112 1911 Martii·
1134 1868 1163 1910 a.
1189 1846 1246 1911 161
1277 1843 1432 1910 defuneto
1462 1865 1535 1909 cum
1564 1843 1677 1908 Marco

382 1946 439 2011 soli
470 1956 600 2012 senatus
630 1945 798 2014 detulisset
826 1949 1013 2034 imperium,
1048 1947 1178 2012 Marcus
1212 1948 1344 2012 fratrem
1375 1947 1409 2012 in
1443 1948 1569 2033 imperii
1597 1967 1675 2010 con-

382 2049 662 2120 aortiumroeavit
677 2050 913 2136 Caesaremque
930 2060 1028 2136 atque
1043 2049 1227 2134 Augustum
1250 2050 1342 2133 dixit,
1368 2059 1510 2136 tuncque
1532 2049 1676 2135 primum

382 2153 561 2215 Romanum
595 2153 766 2237 imperium
799 2152 880 2218 duos
914 2153 1080 2236 Augustos
1114 2151 1234 2216 habere
1267 2153 1373 2238 eoepit
1401 2152 1468 2216 vito
1496 2155 1525 2228 3,
1556 2154 1674 2232 &sqq.,

383 2255 495 2319 Marci
510 2259 537 2332 7,
552 2259 572 2320 5
586 2275 662 2337 sqq,
685 2255 776 2320 Aelii
787 2260 817 2333 5,
833 2261 881 2333 13,
905 2256 1041 2338 1131333.
1056 2261 1087 2334 8,
1104 2261 1133 2334 9,
1158 2256 1264 2322 Victor
1284 2255 1439 2333 033316,
1463 2254 1674 2338 1111133316.
1866 2271 1867 2308 l

381 2357 467 2422 Dato
483 2359 616 2444 imperio
634 2367 666 2421 et
682 2357 807 2422 indulta
822 2357 996 2425 tribunicia
1014 2369 1173 2444 potestate
1188 2358 1319 2424 Marcus
1335 2381 1407 2423 eum
1423 2357 1548 2422 Verum
1563 2357 1674 2420 vocari

1866 3119 1867 3178 l

1866 3523 1867 3582 l

1866 3629 1867 3664 l

381 2462 546 2546 praecepit
565 2483 661 2526 suum
683 2461 717 2524 iu
738 2483 810 2526 eum
826 2461 1023 2526 transferens
1039 2483 1164 2543 nomen,
1190 2483 1263 2526 eum
1278 2471 1354 2525 ante
1369 2457 1565 2524 Commodus
1580 2480 1673 2521 voca-

382 2573 470 2628 retur
490 2565 557 2628 m'to
578 2570 607 2640 4,
629 2568 760 2640 133313,
778 2585 949 2647 perperam
969 2565 1023 2629 m't.
1039 2559 1151 2630 Marci
1171 2563 1192 2629 1.
1215 2563 1234 2628 1.
1258 2565 1300 2645 cs.
1322 2583 1431 2646 supro.
1468 2561 1508 2628 A.
1526 2562 1586 2627 169
1608 2579 1672 2623 333

381 2664 476 2750 longo
498 2666 540 2733 ab
561 2665 673 2732 Altino
696 2667 803 2732 subito
826 2669 860 2731 iu
883 2666 1033 2732 vehiculo
1062 2667 1191 2750 morbo,
1223 2689 1319 2752 quem
1348 2665 1524 2753 apoplexin
1544 2671 1672 2742 vocant,

381 2779 547 2854 correptus
570 2767 736 2856 depositus
758 2791 776 2833 e
799 2769 950 2835 vehiculo
973 2769 1118 2834 detracto
1141 2771 1300 2853 sanguine
1318 2769 1465 2835 Altinum
1488 2763 1671 2852 perductus,

380 2894 454 2937 cum
477 2871 583 2937 triduo
605 2882 714 2936 mutus
735 2874 879 2954 vixisset,
905 2871 988 2959 apud
1008 2871 1154 2936 Altinum
1177 2874 1275 2958 periit
1293 2874 1403 2949 vito9,
1420 2877 1469 2948 11,
1491 2871 1545 2933 m't.
1562 2867 1675 2933 Marci

379 2980 429 3052 16,
447 2979 477 3051 8,
502 2975 608 3040 Victor
627 2974 716 3039 8333.
737 2979 786 3051 16,
809 2975 957 3057 11311333
978 2979 1026 3052 16,
1049 2975 1187 3058 Eutrop.
1210 2980 1306 3052 8,10,
1329 2975 1459 3040 Aetion.
1481 2975 1523 3054 fr.
1539 2975 1603 3038 206
1624 2966 1670 3033 ccl.

380 3077 522 3144 Hcrclrer
543 3079 597 3162 (2-
620 3077 740 3144 Smidas
761 3097 787 3142 3.
807 3098 836 3141 o.
859 3079 1049 3165 1133313113),
1071 3077 1214 3143 Galenus
1235 3078 1295 3144 XI
1298 3078 1329 3144 V
1337 3099 1374 3161 p.
1389 3081 1450 3142 649
1467 3075 1512 3140 Κ.
1546 3073 1671 3157 Corpus

381 3180 541 3246 Hadriani
552 3179 701 3267 sepulcro
709 3178 844 3245 inlatum
855 3185 900 3244 331
910 3181 1032 3256 311311,
1042 3184 1070 3257 1,
1082 3180 1140 3245 ubi
1149 3181 1213 3262 fuit
1226 3181 1338 3245 1113133
1348 3177 1535 3263 sepulcralis
1543 3176 1658 3242 71991
1663 3191 1674 3234 .·

380 3285 455 3370 imp.
468 3283 600 3349 Caesari
612 3282 650 3350 L.
664 3282 796 3348 Aurelio
811 3283 896 3348 Vero
912 3283 997 3366 Aug.
1011 3281 1205 3348 Armeniaoo
1220 3283 1347 3348 Medico
1364 3281 1514 3348 Parthico
1530 3275 1669 3365 pontifici

380 3386 530 3452 tribunic.
555 3399 620 3473 pot.
644 3386 743 3451 VIIII
767 3387 842 3472 imp.
866 3386 898 3451 V
920 3407 984 3450 eos.
1007 3387 1058 3450 Ill
1080 3386 1162 3472 patri
1185 3387 1317 3471 patriae.

444 3488 536 3556 Vixit
557 3491 652 3555 annis
674 3489 891 3574 quadraginta
912 3487 1055 3572 duobus,
1084 3490 1256 3575 imperavit
1279 3488 1475 3554 cumfratre
1497 3485 1591 3550 annis
1613 3504 1669 3546 uu-

378 3594 483 3657 decim
511 3594 578 3656 3113
606 3597 716 3671 11,1;
749 3593 898 3674 regnavit
925 3593 1018 3658 annis
1050 3591 1199 3656 undecim
1229 3592 1383 3675 1131333,
1413 3590 1562 3674 1733113333
1588 3586 1671 3663 1.1.;

379 3717 481 3759 annos
506 3696 554 3759 IX
577 3695 735 3760 Eusebius
754 3694 846 3759 Arm.
871 3693 915 3759 oct
936 3715 966 3758 o.
989 3694 1070 3762 Abr.
1093 3699 1187 3772 2186,
1220 3695 1302 3760 unde
1325 3695 1537 3777 Hieronymus
1565 3689 1670 3754 31333.

380 3796 424 3862 mi
452 3819 482 3862 3.
504 3801 588 3864 2185
617 3797 776 3880 11333313
805 3797 899 3862 31331
925 3797 1067 3862 adhibito
1095 3798 1224 3881 scripsit
1252 3819 1336 3862 anno
1367 3797 1457 3879 regni
1488 3816 1572 3859 nono
1601 3792 1670 3855 sive

380 3909 416 3964 ut
441 3900 573 3986 quidam
596 3909 727 3986 putant,
759 3900 882 3965 decimo
913 3903 1092 3983 extinctum
1122 3901 1388 3984 regnavitannis
1411 3899 1476 3964 VII
1504 3897 1670 3963 mensibus

378 4003 460 4068 VIII
483 4002 597 4067 dicbus
612 4003 679 4066 XII
699 4000 979 4086 Obroaepropbus.
1020 4001 1134 4067 73333
1154 4004 1240 4068 iutro
1263 4003 1292 4070 11.
1309 4008 1350 4068 10
1371 4023 1466 4068 meas.
1486 3999 1672 4066 Decembris

379 4128 409 4172 3.
433 4111 494 4170 168
515 4111 545 4171 31
567 4106 596 4172 rt.
619 4110 659 4170 10
681 4125 721 4172 m.
744 4104 788 4172 D.
812 4127 841 4169 3.
868 4109 927 4170 169
952 4105 1064 4169 obiisse
1086 4105 1173 4170 docet
1195 4111 1216 4171 t.
1241 4105 1446 4188 sepulcralis,
1476 4105 1534 4170 ubi
1555 4103 1672 4168 (1131133

379 4208 531 4274 tribunie.
565 4218 630 4294 pot.
657 4208 757 4272 VIIII
787 4207 875 4287 (333
907 4227 993 4272 3333
1022 4207 1196 4273 tribunicio
1221 4213 1365 4292 potestus
1398 4208 1472 4273 Veri
1499 4206 1672 4290 incipiebat

379 4309 408 4374 (1.
431 4315 472 4374 10
496 4329 592 4375 meus.
619 4308 802 4375 Decembris
827 4309 910 4394 168),
942 4315 971 4374 31
1001 4311 1337 4394 333113331133331
1360 4309 1584 4386 Alcimidriui,
1615 4310 1672 4390 qui

376 4434 440 4477 333
461 4413 550 4477 oltra
569 4433 686 4477 33333
708 4433 827 4477 33333
843 4413 1020 4496 procederat
1044 4414 1084 4494 cs.
1108 4413 1295 4492 3333331131,
1318 4413 1427 4478 113133
1451 4413 1508 4478 der
1528 4413 1671 4478 Alexan-

380 4515 560 4580 driniscbcu
576 4515 829 4580 Kaisermc'iuscm
844 4538 880 4599 p.
896 4521 954 4595 40;
975 4516 1081 4580 medio
1097 4517 1314 4582 3313311333
1335 4521 1493 4582 mortuam
1515 4535 1579 4581 csse
1600 4535 1672 4580 333

378 4617 498 4682 scir-'bot
519 4616 696 4682 (13133331.
714 4617 744 4694 1.,
768 4616 866 4682 Velm
887 4637 990 4682 mmsc
1010 4620 1078 4700 scm
1100 4619 1258 4685 Iouocm'c
1281 4623 1388 4688 3169
1409 4624 1551 4684 mortuos
1573 4623 1626 4683 331.

441 4719 549 4786 onr:
581 4719 691 4785 Annia
719 4719 847 4785 Lucilla
875 4719 909 4784 A
930 4722 999 4798 555,
1027 4721 1084 4786 obi
1111 4720 1181 4786 cide
1210 4721 1247 4788 dc
1275 4722 1348 4806 filia
1377 4721 1452 4788 Veri
1480 4743 1518 4786 33
1539 4719 1672 4786 Liuilla

377 4822 514 4887 3361313.

315 4926 377 4990 505
400 4924 552 4990 Ceionius
575 4927 812 5011 Postumianus‚
837 4925 953 4992 adfinis
976 4925 1080 4992 Clodii
1098 4925 1208 4992 Albini
1231 4929 1283 4992 m.
1303 4925 1629 5004 0131111Α101316,1.
