3732 5622
337 347 521 404 CLAVDIVS
982 338 1047 404 404
1524 344 1688 400 abavum

401 543 552 626 (sasima
569 543 750 628 miliariae),
774 543 905 610 adiutor
927 543 969 610 ad
991 566 1115 626 census,
1140 567 1181 609 ex
1204 565 1297 608 saera
1318 544 1458 607 iussione
1473 541 1637 606 adbibitus
1655 543 1687 604 in

400 647 571 712 eonsilium
592 647 746 733 praefecti
771 649 932 733 praetorio
956 649 1033 713 item
1055 647 1144 728 urbi,
1176 655 1365 732 procurator
1383 645 1426 710 ad
1448 643 1535 709 bona
1557 643 1685 708 damna·

400 759 515 832 torum,
535 761 727 836 procurator
742 750 867 814 silioum
883 752 1011 815 viarum
1026 772 1139 815 saurae
1158 748 1257 832 urbis,
1281 747 1526 834 subpraefeotus
1540 744 1685 829 vigilum,

398 862 589 937 procurator
610 852 758 937 privatae
781 852 922 936 regionis
941 850 1213 934 Ariminensium,
1233 859 1388 936 patronus
1409 849 1554 914 coloniae
1577 849 1684 914 Pisau-

398 955 541 1018 rensium
564 955 611 1022 ut.

334 1055 397 1120 838
419 1055 493 1124 Tib.
509 1055 694 1137 Cl(audius)
714 1053 824 1119 Zoilus
848 1057 972 1140 origine
995 1055 1183 1135 Sardianus,
1206 1065 1396 1142 procurator
1417 1053 1560 1136 Augusti
1584 1057 1600 1119 ὁ
1622 1055 1686 1138 κρά-

397 1182 492 1231 nmo<
516 1159 645 1242 publiea
667 1156 840 1222 honoratus
862 1163 883 1222 1.
907 1157 1065 1224 Sardibus
1084 1165 1209 1242 reporta
1231 1157 1420 1223 Atbenisolue
1442 1156 1686 1239 Mittbeilunpat

398 1261 449 1327 VI
465 1265 570 1346 (issa
586 1282 623 1344 p.
639 1265 705 1326 aaa
725 1281 757 1324 n.
773 1265 803 1326 9.

333 1433 396 1497 839
420 1441 587 1496 CLAVDIA
609 1432 667 1515 (sia
685 1429 862 1510 Suetonius,
887 1430 1012 1497 Kissa
1034 1430 1254 1518 Plutarchus),
1277 1430 1344 1496 filia
1366 1431 1402 1496 P.
1422 1430 1528 1495 Clodii
1552 1429 1684 1511 (inimici

397 1534 578 1616 Ciceronis)
609 1543 642 1597 et
670 1532 823 1616 Fuluiae,
853 1536 1005 1620 privigna
1033 1533 1077 1598 M.
1102 1533 1252 1616 Antonii,
1283 1555 1380 1619 quam
1410 1533 1446 1600 C.
1470 1531 1593 1598 Caesar
1617 1531 1685 1615 (qui

396 1649 509 1723 postea
530 1637 711 1718 Angustus)
734 1659 762 1700 a.
787 1637 846 1702 711
872 1667 914 1690 =
935 1639 977 1703 43
999 1659 1029 1702 a.
1052 1635 1089 1704 C.
1120 1635 1345 1702 reconciliatus
1367 1635 1510 1701 Antonio
1537 1643 1686 1720 expostu-

396 1737 540 1804 lantibus
561 1740 731 1824 utriusque
753 1737 909 1804 militibus
932 1739 1027 1804 duxit
1049 1759 1184 1804 uxorem
1203 1737 1339 1803 vixdum
1360 1736 1503 1802 nubilem
1523 1747 1557 1802 et
1578 1759 1608 1801 a.
1625 1736 1686 1801 713

397 1871 438 1894 =
459 1842 498 1907 41
523 1840 685 1906 simultate
714 1863 787 1906 eum
816 1841 932 1907 Fulvia
960 1864 1056 1908 suoru
1086 1853 1157 1906 orta
1183 1841 1307 1906 dimisit
1338 1842 1489 1905 intactam
1519 1839 1627 1904 adbuo
1655 1851 1688 1902 et

395 1945 557 2028 virginem
587 1944 716 2011 Sueten.
739 1945 875 2027 Aupust.
902 1951 954 2023 62,
988 1944 1155 2014 Plutarch.
1184 1944 1303 2010 Antan.
1327 1951 1371 2010 20
1400 1947 1442 2026 cf.
1471 1943 1539 2010 Dia
1561 1949 1610 2018 46,
1630 1945 1670 2006 56
1677 1960 1687 2018 ,·

394 2051 444 2124 48,
463 2051 492 2124 5,
517 2045 592 2113 Veli.
611 2052 644 2124 2,
660 2052 708 2124 65,
724 2052 757 2113 2.

330 2151 394 2214 840
417 2157 598 2231 CLAVDIA,
629 2148 696 2214 filia
717 2150 768 2215 Ti.
792 2149 921 2215 Claudii
943 2151 999 2235 qui
1026 2159 1139 2236 postea
1161 2151 1335 2235 imperavit
1357 2160 1389 2214 et
1409 2147 1558 2214 Plautiae
1580 2147 1684 2228 Vrgu-

392 2249 539 2330 lanillae;
563 2273 637 2316 eum
651 2251 807 2316 Claudius
824 2275 895 2316 eam
910 2274 951 2316 ex
969 2251 1087 2317 liberto
1103 2274 1161 2317 suo
1179 2252 1298 2317 Botere
1319 2263 1506 2337 conceptam
1529 2247 1684 2318 erederet,

393 2353 541 2439 quamvis
556 2363 631 2418 ante
648 2357 797 2440 quintum
812 2376 955 2419 mensem
970 2354 1102 2419 divortii
1124 2365 1234 2419 natam
1256 2354 1365 2440 alique
1387 2365 1543 2438 coeptam,
1567 2351 1684 2435 exponi

393 2467 500 2521 tamen
522 2455 564 2520 ad
589 2457 700 2520 matris
723 2457 854 2520 ianuam
873 2466 905 2521 et
919 2456 1040 2521 nudam
1063 2458 1157 2522 iussit
1178 2455 1263 2521 abioi
1279 2456 1404 2523 aneton
1427 2453 1545 2522 Claud.
1560 2459 1614 2520 27.

329 2559 390 2624 841
415 2567 580 2622 curvum
610 2568 782 2622 nvuvsru
814 2555 872 2637 (sic
902 2558 1072 2625 Suetonius
1098 2559 1188 2625 Nero
1206 2564 1263 2636 35,
1294 2564 1368 2624 acta
1389 2557 1503 2623 Arvat.
1529 2579 1560 2622 a.
1582 2561 1622 2622 63
1644 2557 1685 2637 cf.

393 2659 710 2742 consultasset),
740 2659 807 2724 filia
834 2660 971 2734 Neronis
1001 2670 1034 2724 et
1062 2660 1232 2747 Poppaeus
1262 2661 1404 2728 Sabinae
1431 2684 1460 2726 a.
1482 2661 1524 2725 63
1555 2662 1687 2723 ineunte

394 2761 486 2827 Antii
509 2772 586 2827 nata
608 2772 640 2826 et
662 2763 770 2826 statim
792 2761 943 2846 Augusta
965 2773 1153 2849 nuncupata
1172 2764 1246 2829 Tac.
1264 2785 1294 2828 a.
1310 2767 1358 2840 15,
1374 2768 1427 2841 23,
1450 2762 1581 2829 Sueton.
1605 2763 1626 2828 1.
1649 2759 1689 2838 t,-

390 2864 433 2930 ob
463 2863 641 2929 adventum
664 2865 802 2930 Neronis
831 2874 864 2929 et
889 2867 1059 2950 Poppaeae
1082 2865 1250 2950 Augustae
1277 2876 1310 2930 et
1337 2864 1496 2932 Claudiae
1518 2864 1687 2950 Augustae

392 2968 461 3032 1111
484 2966 557 3032 idus
579 2969 707 3051 (massis
721 2967 836 3050 perat)
860 2991 888 3035 a.
911 2969 953 3032 63
976 2968 1227 3033 immolaverunt
1242 2969 1359 3034 fratrea
1373 2965 1512 3034 Arvales
1533 2967 1584 3033 VI
1592 2973 1686 3034 3043.

391 3071 484 3134 Intra
504 3079 656 3155 quartum
678 3091 820 3134 mensem
844 3071 940 3155 periit
959 3070 1031 3137 Tae.
1049 3071 1106 3136 11.
1148 3071 1346 3136 Consecrata
1367 3081 1432 3136 est:
1455 3070 1533 3135 diva
1548 3069 1689 3137 Claudia

392 3172 532 3237 Neronis
554 3170 621 3236 filia
643 3173 679 3236 ia
698 3193 843 3250 naalma,
869 3173 925 3254 arui
945 3173 986 3237 ab
1006 3193 1073 3237 una
1087 3179 1186 3256 parte
1206 3174 1379 3256 irueriptus
1401 3178 1447 3238 est
1467 3172 1546 3238 diva
1573 3174 1687 3240 Claud.

393 3275 471 3339 Ner.
487 3273 520 3356 t.,
537 3275 578 3338 ab
594 3275 699 3339 altera
713 3275 790 3340 diva
805 3275 958 3361 Poppaea
969 3275 1054 3358 Aug.
1066 3275 1187 3340 Ealsbal
1203 3276 1253 3342 VI
1256 3297 1292 3358 p.
1303 3280 1378 3353 287,
1398 3273 1504 3341 Gabar
1515 3275 1605 3360 1²10.
1616 3283 1687 3354 315,

395 3373 473 3440 diva
492 3374 632 3441 Claudia
654 3379 747 3460 virgo
763 3378 889 3461 passim
913 3378 946 3440 in
968 3379 1049 3442 actis
1069 3377 1240 3442 Araaiisaa
1262 3399 1292 3445 a.
1308 3382 1349 3442 66
1372 3377 1423 3443 VI
1437 3382 1531 3442 2044.

329 3479 395 3542 842
418 3488 582 3543 CLAVDIA
605 3480 651 3546 Μ.
671 3477 773 3544 Silani
796 3479 952 3562 (consulis
967 3504 996 3548 a.
1015 3483 1053 3546 15
1069 3502 1100 3565 ρ.
1116 3479 1168 3560 C.)
1184 3479 1252 3545 filia
1266 3480 1383 3546 dieitur
1399 3481 1473 3546 Tae.
1485 3502 1515 3545 a.
1529 3486 1558 3558 6,
1570 3488 1626 3548 20.
1637 3488 1687 3560 45,

393 3602 473 3663 puae
495 3581 577 3646 alibi
596 3583 691 3646 Iunia
712 3580 881 3666 clauditis,
905 3583 975 3648 uida
996 3584 1086 3665 infra
1107 3585 1165 3648 autb
1188 3583 1294 3648 Iuniis
1315 3583 1340 3648 I
1355 3588 1426 3650 571.

330 3683 392 3747 843
416 3684 615 3766 CLAV[DIA],
640 3706 723 3748 uxor
732 3683 776 3766 tt)
799 3683 844 3748 M.
863 3684 990 3749 Aurelii
1013 3685 1152 3750 Cominii
1174 3683 1320 3750 Cassiani
1344 3685 1435 3752 VIII
1446 3689 1531 3752 2585
1554 3691 1576 3750 t.
1591 3688 1690 3753 Lam·

395 3785 577 3850 baesitaaus
598 3785 737 3851 mutilus.

330 3887 394 3952 844
415 3886 561 3970 Claudia,
586 3886 697 3970 vidua,
720 3887 796 3952 dein
817 3888 912 3954 Statii
936 3898 1050 3974 poetae
1073 3911 1165 3970 uxor,
1189 3889 1230 3954 ad
1253 3911 1351 3975 quam
1374 3891 1504 3974 seripsit
1524 3890 1595 3956 salu
1610 3897 1640 3968 3,
1656 3897 1688 3970 5,

394 3989 436 4070 af.
458 4009 486 4052 a.
501 3992 542 4053 51
561 4009 635 4072 aaa,
652 3990 762 4072 praef.
785 3989 854 4057 saa
878 3989 898 4055 1.
918 3995 948 4057 3.

331 4090 394 4156 845
417 4088 555 4155 Claudia
576 4091 725 4156 Martini.
748 4098 778 4168 5,
802 4095 850 4168 78,
872 4097 913 4156 31
936 4093 1003 4157 laea
1022 4113 1155 4174 proruis
1178 4093 1319 4170 absarro,
1347 4093 1405 4157 ubi
1424 4115 1464 4158 aa
1485 4094 1544 4159 baa
1564 4096 1690 4176 quidun

396 4197 533 4269 emutat,
562 4214 636 4256 nuru
666 4193 780 4257 mulier
809 4193 1019 4277 intellegenda
1044 4196 1086 4258 sil
1110 4194 1152 4275 as.
1176 4215 1256 4275 φιασ
1278 4193 1442 4260 adnotavit
1462 4194 1690 4266 Frieatauder.

331 4295 393 4358 846
416 4293 570 4376 Claudia,
606 4292 671 4358 filia
700 4295 827 4382 Crispi,
863 4295 969 4360 fratris
1002 4296 1204 4381 imperatoris
1238 4295 1367 4362 Claudii
1400 4297 1570 4382 (Gothiei),
1607 4323 1692 4365 uxor

395 4395 554 4480 Eutropii,
584 4407 688 4460 mater
710 4396 893 4463 Constantii
923 4397 1072 4463 Caesaris
1097 4400 1151 4462 uit.
1179 4397 1315 4464 Claudii
1336 4404 1384 4476 13,
1406 4405 1439 4476 2,
1466 4400 1525 4465 ubi
1545 4405 1692 4485 sufflata

394 4501 468 4561 aaut
490 4497 607 4561 arania.

331 4599 393 4665 847
417 4597 572 4678 Claudia,
602 4620 693 4663 soror
723 4601 927 4686 imperatoris
949 4600 1061 4684 Probi,
1085 4623 1169 4687 quae
1192 4624 1309 4688 eorpus
1332 4603 1441 4667 fratris
1463 4604 1633 4690 sepelivit,
1657 4605 1691 4671 id

395 4700 482 4786 quad
512 4701 546 4765 in
575 4701 780 4786 ephemeride
809 4702 926 4787 legisse
955 4726 990 4767 se
1020 4705 1165 4768 meminit
1195 4713 1308 4770 auctor
1329 4707 1383 4772 ait.
1407 4705 1511 4772 Probi
1530 4711 1561 4786 3,
1584 4715 1606 4774 4
1629 4710 1692 4794 fide

396 4808 551 4884 aaspaaa

342 4941 386 4950 -
417 4904 716 4988 rsuppsuoum
734 4916 911 4972 ausuum.
