3732 5622
186 352 384 409 CLVSINIVS
836 345 899 410 425
1383 353 1541 410 CLVVIVS

248 549 370 633 fugisse
386 549 603 634 iactatumque
619 548 746 614 casibus
762 551 870 632 variis,
893 559 1053 614 retentum
1076 551 1173 614 etiam
1196 573 1215 613 a
1238 570 1314 631 rege
1336 549 1452 633 (neseio
1467 551 1539 634 aaa)

249 654 381 718 tandem
397 655 430 717 in
445 651 574 718 Italiam
591 663 690 738 atque
704 653 841 738 petriam
858 675 948 717 suam
962 653 1149 736 *Marginos
1162 652 1378 734 (Marrucinos
1389 653 1539 736 Bonnell)

247 759 375 822 venisse
387 767 483 842 atquc
497 755 541 820 ibi
553 757 703 839 agnosci3
716 777 789 820 cum
801 777 931 820 eausam
945 757 1014 820 eius
1023 754 1188 821 Labienus
1200 753 1398 835 defenderet,
1406 757 1540 822 Asinius

249 858 352 924 Pollio
375 858 591 924 contradixit
612 861 751 923 servisse
774 881 846 924 eum
868 860 998 923 nomine
1025 857 1227 944 Sosipatrum
1250 859 1377 923 Pisauri
1401 858 1540 924 dominis

247 961 382 1045 duobus,
407 962 599 1026 medicinam
625 961 797 1044 factitasse,
813 982 912 1026 manu
928 963 1062 1026 missum
1081 959 1255 1024 alienasse
1273 959 1415 1026 familiae
1431 962 1538 1054 venali

247 1066 475 1148 immiscuisse,
503 1089 523 1130 a
544 1087 579 1128 se
601 1075 786 1148 rogantem,
817 1075 854 1130 ut
877 1067 904 1129 ei
931 1065 1082 1147 serviret,
1114 1074 1258 1150 emptum
1285 1064 1416 1146 Quintil.
1439 1067 1537 1130 instit.

248 1173 276 1246 7,
299 1173 332 1247 2,
355 1176 384 1234 4.
406 1172 436 1235 5.
459 1173 513 1235 26.

176 1271 244 1344 949
267 1270 433 1338 Clusinius
457 1270 581 1354 Gallus,
607 1272 729 1335 amicus
752 1269 859 1352 Plinii,
883 1269 924 1334 ad
947 1291 1043 1356 quem
1065 1271 1195 1356 scripsit
1211 1272 1298 1352 epist.
1314 1275 1344 1346 4,
1361 1275 1410 1335 17.
1448 1270 1539 1335 ‘Clu-

243 1377 345 1440 sInius
375 1376 432 1456 (an
462 1373 660 1455 dusinius?)’
686 1373 780 1438 codex
809 1371 1111 1436 Aeburnlramiauus
1138 1373 1173 1436 ia
1200 1371 1303 1436 iudice
1335 1370 1412 1437 libri
1432 1374 1540 1456 quarti

246 1478 363 1562 Stangl
378 1478 566 1561 Philologus
580 1477 683 1542 XLV
694 1476 800 1560 (1886)
809 1499 845 1559 Ρ.
863 1480 931 1553 655,
957 1477 1058 1543 ,sinio
1081 1497 1123 1560 ga
1136 1526 1143 1541 .
1156 1526 1164 1541 .
1179 1529 1185 1542 .
1209 1499 1267 1540 suo
1290 1475 1386 1541 codes
1400 1473 1538 1539 Florea-

244 1583 329 1646 tinus
350 1583 384 1646 ia
406 1583 550 1664 muratae
574 1581 618 1646 ad
639 1583 725 1662 epist.
747 1586 776 1656 4,
800 1585 850 1656 17,
874 1584 1008 1643 actuum
1031 1577 1298 1662 truditurGa1103
1320 1578 1412 1661 ougo
1434 1578 1538 1642 editur

243 1681 357 1748 Asinio
374 1682 479 1750 Gallo.
518 1681 597 1747 Cura
619 1685 652 1747 iu
674 1683 835 1764 scriptura
856 1681 1033 1745 minuscula
1054 1702 1136 1763 quae
1151 1681 1267 1746 dicitur
1289 1681 1415 1745 litterae
1430 1679 1459 1744 cl
1472 1680 1538 1744 etd

243 1807 307 1851 aon
327 1786 421 1851 semel
435 1788 489 1850 υἱ)
505 1787 731 1870 dignoscantur
748 1789 778 1848 et
799 1805 820 1848 a
842 1783 988 1848 librariis
1002 1803 1157 1866 persaepe
1179 1785 1329 1865 coufusar
1350 1784 1424 1860 siat,
1448 1783 1538 1848 lectio

244 1888 409 1954 Clusinius
425 1889 497 1954 inde
512 1889 728 1972 confirmatur,
750 1885 883 1969 quodid
897 1907 1016 1962 notarat,
1039 1886 1122 1969 quod
1143 1909 1164 1951 u
1187 1885 1296 1952 Clusio
1319 1886 1433 1969 oppido
1456 1885 1538 1950 deri-

242 1997 350 2056 vatum
370 1991 502 2069 tidelm,
525 1992 684 2057 iuvenitur
703 1989 892 2070 Quintilian.
916 1989 1049 2056 rimtitul.
1074 1995 1103 2067 7,
1119 1995 1151 2067 2,
1170 1995 1190 2055 5
1214 1989 1378 2055 Clusinius
1401 1987 1538 2072 Figulus

243 2095 297 2178 (of.
321 2099 349 2160 et
374 2095 411 2160 C.
436 2093 568 2160 Cluseni
592 2092 679 2159 Galli
701 2092 762 2157 IX
781 2097 852 2168 967,
884 2091 921 2156 C.
947 2092 1113 2156 Numisius
1143 2091 1298 2159 Clusinus
1320 2091 1415 2157 XIV
1430 2091 1534 2174 1031).

245 2194 366 2262 Contra
388 2197 520 2262 Dusinii
543 2196 681 2260 nominis
700 2215 756 2260 aea
777 2195 941 2278 vestigium
962 2215 1018 2259 uec
1040 2196 1125 2260 ratio
1149 2200 1292 2280 apparet.

174 2299 243 2366 950
265 2298 430 2365 Clutorius
453 2300 594 2364 Priscus.
640 2297 696 2364 Sic
716 2303 799 2362 recte
825 2297 898 2364 Tac.
922 2319 952 2360 a.
974 2302 1003 2374 3,
1029 2302 1079 2376 19,
1112 2299 1198 2369 Γάιος
1219 2299 1386 2384 Λουτώριος
1407 2297 1535 2385 Πρίσκος

242 2402 318 2480 Dio,
342 2403 397 2484 qui
419 2400 506 2485 apud
526 2402 712 2484 scriptorem
735 2400 869 2464 latinum
891 2399 1046 2480 quendam
1069 2399 1187 2483 legerat
1208 2399 1245 2466 C.
1268 2401 1435 2465 Lutarius.

306 2506 415 2590 Eques
445 2507 610 2569 Romanus
640 2513 713 2589 post
744 2501 870 2566 celebre
900 2523 1045 2584 carmen,
1077 2524 1142 2587 quo
1165 2504 1351 2570 Germanici
1382 2523 1536 2588 suprema

243 2607 431 2691 defleverat,
462 2606 634 2671 aTiberio
665 2608 803 2692 pecunia
830 2603 967 2668 donatus
997 2627 1079 2669 anno
1104 2607 1154 2688 21,
1186 2627 1260 2670 eum
1283 2606 1414 2669 Drusus
1440 2626 1537 2688 aeger

243 2720 336 2791 esset,
356 2731 415 2797 per
437 2708 713 2794 vaniloquentiam
737 2709 857 2771 iecerat
878 2728 912 2770 se
935 2707 1164 2792 composuisse,
1181 2707 1276 2792 quod,
1294 2709 1321 2770 si
1336 2707 1465 2772 Drusus
1481 2730 1535 2770 ex·

242 2815 361 2877 tinctus
390 2822 490 2894 esset,
522 2813 645 2876 maiore
674 2812 816 2896 proemio
846 2808 1051 2892 vulgaretur,
1086 2808 1126 2873 ob
1162 2809 1195 2873 id
1222 2833 1243 2873 a
1271 2808 1415 2875 delatore
1447 2811 1535 2897 apud

243 2927 389 2980 senatum
412 2925 584 2979 accusatus
607 2915 721 2999 capitis
744 2911 915 2977 damnatus
938 2935 976 2976 ac
999 2913 1107 2977 statim
1130 2911 1318 2977 interfectus
1341 2923 1390 2978 est
1409 2913 1482 2978 Tae.
1503 2935 1533 2980 a.

241 3023 271 3095 3,
286 3022 401 3096 49-51,
424 3017 491 3083 Dio
508 3021 558 3094 57,
576 3023 630 3082 20.

172 3123 238 3188 951
264 3120 430 3187 Clutorius
447 3120 578 3184 Priscus
594 3118 749 3202 (traditur
767 3127 870 3182 sutor·
892 3117 940 3182 oal
962 3127 1058 3200 utor·,
1082 3116 1174 3199 uulgo
1190 3116 1294 3181 editur
1308 3118 1432 3199 Lutor,
1456 3119 1534 3182 sari-

243 3224 375 3290 bendum
407 3227 451 3288 est
482 3221 622 3303 Clutor)
653 3221 847 3286 Paezontem
875 3241 892 3283 e
917 3207 1114 3304 spadonibus
1141 3217 1250 3282 Seiani
1278 3219 1401 3282 enormi
1431 3220 1534 3304 pretio

242 3337 403 3392 mercatus
432 3335 497 3408 est,
526 3335 636 3410 ‘quam
666 3323 798 3409 quidem
829 3323 980 3387 iniuriam
1012 3320 1093 3385 lucri
1123 3320 1200 3385 fecit
1228 3319 1283 3384 ille
1315 3331 1475 3386 mercatus
1501 3323 1534 3384 in

241 3428 331 3494 luctu
361 3429 518 3512 civitatis,
550 3428 703 3514 quoniam
733 3445 870 3509 arguere
900 3423 979 3489 nulli
1010 3422 1533 3500 vacabarPa'u.u.t.7,129‚

239 3533 360 3598 scilicet
373 3532 585 3612 Priscusi=
599 3529 666 3612 ille)
690 3551 760 3594 eam
783 3530 946 3643 iniuriam,
970 3550 1064 3642 quarn
1087 3529 1241 3592 commisit
1260 3548 1294 3592 eo
1312 3525 1396 3612 meod
1416 3527 1537 3590 mortui

242 3740 320 3820 feeit
349 3759 383 3802 ru
414 3738 500 3801 tristi
474 3742 635 3801 trerurn
658 3734 865 3818 publicarum
893 3738 980 3798 statu
1000 3737 1076 3814 past
1097 3733 1259 3796 interitum
1282 3731 1404 3796 Seiani.
1450 3677 1535 3793 Vnde

243 3845 379 3924 apparet
367 3840 482 3905 thuna
505 3859 568 3904 esse
591 3839 747 3902 diversunt
769 3838 810 3901 ab
834 3857 869 3901 eo
890 3856 942 3917 qut
938 3833 1134 3917 praeeedit.

175 3943 240 4008 952
262 3941 477 4008 Cluvidienus
500 3942 638 4023 Quietus
660 3939 891 4004 coniurationis
915 3939 1050 4001 crimine
1073 3938 1105 4000 iu
1129 3935 1266 4000 insulam
1290 3934 1411 4018 Aegaei
1435 3934 1534 3997 maris

241 4055 368 4110 amotus
391 4067 476 4109 anno
499 4047 539 4110 65
567 4044 639 4109 Tac.
657 4065 686 4110 a.
703 4046 751 4119 15,
766 4047 814 4106 71

175 4150 241 4214 953
264 4147 453 4230 Cluuienus,
481 4156 577 4232 poeta
599 4155 704 4211 aetate
726 4143 892 4209 Iuvenalis
914 4142 1057 4208 Juvenal.
1077 4147 1106 4226 1,
1125 4145 1175 4206 80

175 4251 241 4317 954
264 4248 821 4330 G.CLVV1VSaunimosarreas(es.
835 4246 1022 4322 Manassen,
1040 4245 1242 4309 natussum
1250 4265 1286 4325 Ρ.
1300 4245 1359 4307 651
1375 4241 1449 4308 adu.
1460 4240 1536 4316 552)

242 4355 277 4417 iu
298 4354 462 4436 Hisparaia
487 4374 517 4418 a.
540 4351 699 4416 708)οτ-
719 4355 760 4414 46
762 4351 812 4414 aa
837 4371 865 4413 a.
891 4347 924 4414 C.
948 4348 1049 4424 audit,
1080 4349 1136 4429 qui
1162 4349 1197 4410 ia
1228 4345 1362 4410 aduusa
1392 4344 1539 4426 insatiati

243 4460 315 4520 sunt
338 4454 461 4521 Caesar
481 4453 648 4536 dic(tator)
672 4451 886 4534 ter(tium),
871 4472 907 4514 uu
935 4471 1048 4514 auersa
1077 4447 1114 4514 C.
1138 4446 1300 4530 Clovi(us)
1323 4446 1535 4532 praef(ectus)

242 4558 403 4635 Bubelou,
436 4557 608 4622 Monuuies
631 4555 668 4619 de
691 4554 723 4619 la
745 4553 942 4636 Republique
964 4553 1122 4616 Ronzaiue
1144 4550 1169 4615 I
1184 4573 1220 4634 Ρ.
1235 4555 1306 4615 366.
1349 4547 1537 4631 Praefectus

242 4661 342 4742 igitur
371 4658 520 4725 Caesaris
552 4658 631 4723 bello
662 4657 880 4739 Hispaniensi.
924 4653 964 4719 A.
989 4654 1050 4719 709
1075 4683 1115 4708 =
1137 4654 1178 4718 45
1201 4654 1304 4717 Roma
1334 4653 1366 4716 in
1395 4650 1537 4718 Galliam

243 4761 467 4846 (OEsalprinam)
497 4761 662 4848 profectus
693 4769 754 4841 est,
785 4779 858 4822 cum
891 4758 932 4820 ‘ei
962 4757 1127 4839 negotium
1157 4757 1272 4838 (neseio
1299 4753 1394 4837 quod)
1425 4753 1536 4818 datum

244 4877 329 4930 esset
352 4889 380 4930 a.
402 4865 439 4932 C.
455 4865 604 4946 Caesare,
629 4885 694 4927 uon
714 4861 893 4943 iudicium'3
917 4881 982 4946 quo
1005 4870 1149 4945 tempore
1171 4858 1287 4923 Cicero
1309 4858 1338 4921 ei
1360 4878 1411 4920 res
1434 4857 1536 4920 muni·

244 4970 320 5054 cipii
335 4967 479 5033 Atellani
495 4965 736 5034 commendavit
748 4963 813 5030 Cic.
830 4963 874 5027 ad
886 4962 982 5028 Faus.
993 4967 1042 5038 18,
1057 4967 1085 5026 7.
1108 4961 1197 5026 Ideni
1211 4961 1335 5024 uidetur
1351 4958 1387 5024 C.
1401 4956 1537 5023 Cluvius
