3818 5620
322 368 511 427 snromvs
972 362 1033 428 102
1462 441 1464 444 ¹
1487 369 1676 428 antonna

450 569 517 634 Suo
540 571 664 634 norrrino
681 570 819 634 Antonii
832 569 949 635 Musae
970 568 1118 650 ferantur
1140 567 1263 634 tihellus
1285 567 1325 632 de
1348 568 1470 636 tuenda
1490 569 1677 636 valetudine

385 673 428 736 ad
443 672 662 737 Maecenatem
681 671 730 753 (in
745 672 862 737 Musae
878 672 1013 736 editione
1033 671 1173 736 Caldani
1188 693 1224 754 ρ.
1240 675 1398 750 165-117,
1421 671 1504 736 idom
1524 674 1677 754 repetitor

387 775 473 857 apud
495 775 687 839 Marcellano
708 774 909 857 Emporicnrn
932 797 968 858 p.
990 778 1095 838 9-13
1121 773 1167 838 ed.
1189 773 1371 839 Helntreich
1392 775 1449 838 sah
1472 775 1677 858 inscriptiorw

388 877 538 963 ‘epistula
567 876 632 942 alia
660 877 805 941 eiusdem
836 877 1044 964 Hippocratis
1074 898 1117 941 ex
1138 877 1265 944 Graeco
1294 875 1450 942 translata
1479 877 1520 942 ad
1549 877 1674 942 Maece·

385 982 521 1063 natem‘)
545 985 573 1044 ot
592 981 626 1044 in
641 979 735 1044 libris
747 999 845 1044 ntann
859 981 987 1062 scriptis
1000 980 1041 1044 dc
1056 977 1157 1044 herba
1172 979 1323 1044 betonica
1337 980 1520 1062 praanissa
1541 980 1677 1063 epistula

386 1083 429 1146 od
451 1083 501 1148 M.
523 1083 720 1166 Αρνίρρυπι,
747 1082 789 1165 cs.
816 1081 1118 1164 Teuffel-Schwabe,
1148 1081 1316 1147 Rornische
1337 1081 1676 1166 litorotnrpaschichtc

388 1207 423 1268 ρ.
442 1186 533 1253 621⁵.

321 1289 380 1352 681
413 1289 452 1354 L.
483 1289 644 1354 Antonius
674 1288 761 1354 Naso
790 1291 985 1352 nientorator
1013 1287 1048 1353 in
1076 1291 1097 1352 t.
1122 1286 1295 1370 Bithyniae
1316 1287 1384 1353 ΙΙΙ
1407 1287 1442 1355 S.
1465 1292 1547 1354 6993
1568 1289 1676 1372 posito

386 1411 469 1456 anno
492 1395 542 1467 78,
564 1391 599 1454 in
620 1391 755 1454 narrantis
777 1388 950 1473 Bithyniae
977 1389 1010 1472 a)
1032 1390 1181 1473 inparia
1203 1389 1336 1455 adraso
1358 1411 1428 1455 cnm
1449 1392 1554 1473 capita
1574 1395 1604 1456 ot
1627 1393 1676 1456 in·

384 1493 554 1574 scriptione
577 1491 780 1576 Vespasiani,
811 1493 846 1556 in
869 1512 997 1557 consa:
1026 1493 1075 1558 aa
1103 1493 1138 1557 Λ.
1163 1491 1320 1558 Ἀντωνίου
1343 1489 1487 1565 Nicanor
1508 1494 1675 1580 ἐπιτρόπου,

385 1596 510 1662 Βιθυνία
536 1595 656 1660 Echhcl
680 1594 726 1659 ΙΙ
744 1615 780 1676 p.
802 1598 881 1671 404,
912 1595 959 1660 ἐπὶ
988 1595 1114 1660 Λουκίου
1146 1591 1305 1660 Ἀντωνίου
1335 1593 1478 1667 Νάοιυνος
1507 1596 1674 1684 ἐπιτρόπου,

384 1699 509 1766 Brauon
535 1699 570 1761 in
599 1697 736 1781 coempto
765 1697 955 1762 Monacensi
981 1697 1135 1780 desumpto
1158 1697 1199 1762 ab
1223 1695 1517 1780 Irnhoot·Btnmer,·
1550 1700 1582 1786 h)
1605 1719 1675 1764 cunt

384 1803 486 1885 capito
505 1801 688 1867 Domitiani
707 1801 865 1880 Caesaris,
889 1803 925 1866 in
947 1821 1059 1868 aoasa
1082 1823 1152 1868 carn
1173 1801 1280 1868 eadem
1300 1803 1505 1885 inscriptione
1527 1808 1620 1886 atone
1641 1805 1676 1870 in

386 1907 420 1989 a)
451 1903 609 1991 Borphosi
641 1927 711 1990 opp.
737 1906 763 1971 Ι
783 1911 844 1972 509
877 1907 973 1992 (inula
1004 1907 1155 1989 ‹describti
1187 1906 1335 1972 Miormot
1367 1906 1450 1990 Vp.
1472 1911 1549 1985 171,
1579 1911 1673 1984 1012,

392 2009 443 2075 VI
452 2031 488 2092 ρ.
503 2013 574 2086 oar,
595 2008 679 2090 που).

448 2113 487 2177 L.
510 2112 673 2177 Antonius
694 2111 782 2176 Naso
806 2112 870 2188 at,
893 2113 1032 2191 annorni;
1054 2113 1217 2178 Antonius
1239 2113 1326 2176 Naso
1353 2111 1427 2178 Tac.
1450 2112 1481 2177 h.
1506 2116 1536 2190 1,
1558 2115 1613 2178 20.
1633 2147 1677 2157 -

385 2213 553 2279 Tribunus
576 2215 854 2299 praetorianorum
870 2235 890 2278 a
907 2212 1015 2280 Galba
1036 2235 1147 2280 mense
1163 2215 1315 2280 Ianuario
1338 2237 1367 2282 a.
1383 2215 1425 2280 69
1447 2224 1676 2280 exauctoratus

388 2316 462 2383 Tac.
484 2317 504 2381 l.
527 2317 565 2398 l.;
587 2326 779 2403 procurator
800 2317 993 2403 Vespasiani
1016 2328 1049 2383 ct
1070 2318 1137 2383 Titi
1160 2317 1334 2402 Bithyniae
1356 2341 1385 2382 a.
1401 2317 1442 2382 78
1466 2319 1524 2394 tit,
1544 2318 1675 2383 nummi.

320 2421 383 2486 682
405 2420 567 2485 Antonius
590 2419 722 2502 Natalis,
748 2441 847 2506 eques
864 2421 1038 2502 Romanus,
1062 2421 1293 2487 coniurationis
1310 2421 1502 2486 Pisonianae
1525 2421 1558 2484 in
1576 2419 1676 2485 Nero-

385 2545 459 2587 nem
482 2525 643 2609 particeps
666 2546 695 2588 a.
718 2524 760 2588 65
786 2523 860 2588 Ταυ.
885 2543 915 2588 a.
938 2525 988 2598 15,
1003 2527 1064 2600 56;
1085 2522 1205 2588 indicio
1226 2525 1451 2610 impunitatem
1473 2524 1591 2588 meruit
1609 2521 1674 2590 ihd.

385 2630 434 2703 15,
454 2630 504 2690 56.
528 2631 577 2690 66.
603 2630 659 2704 71,·
680 2625 864 2690 nominatur
885 2624 950 2690 ihd.
965 2630 1014 2702 15,
1036 2629 1086 2690 54.
1109 2631 1158 2692 55.

320 2729 383 2794 683
405 2728 567 2794 Antonius
582 2727 748 2813 Novellus,
772 2727 990 2815 primipilaris,
1013 2751 1098 2794 unus
1117 2751 1160 2794 ex
1182 2728 1321 2795 ducibus
1344 2728 1456 2794 classis
1471 2727 1676 2795 Othonianas

388 2831 461 2896 Tac.
477 2831 507 2896 h.
524 2837 552 2909 1,
569 2835 628 2910 87;
649 2835 682 2908 2,
699 2837 754 2896 12.

330 2973 373 2984 —-
405 2935 464 3013 (M.
487 2934 662 3018 Antonius)
686 2932 804 3000 Pallas.

319 3039 383 3103 684
405 3047 443 3104 M.
468 3046 656 3102 ANTONIVS
679 3045 832 3118 PALLAS,
857 3033 970 3100 consul
990 3035 1090 3119 (suff.)
1113 3059 1142 3100 a.
1163 3036 1235 3101 167.
1266 3036 1307 3117 Q.
1324 3035 1467 3102 Caecilio
1487 3035 1673 3102 Dentiliano

385 3142 430 3205 M.
453 3139 596 3205 Antonio
620 3138 767 3204 Pallante
790 3161 864 3223 cos,
888 3161 917 3204 a.
940 3138 972 3204 d.
995 3139 1046 3203 Ill
1067 3161 1141 3204 uon.
1164 3139 1242 3205 Mai.
1266 3139 1343 3222 dr'prl.
1359 3139 1426 3204 mal.
1442 3138 1509 3203 III
1518 3143 1568 3216 46,
1589 3139 1675 3203 Den-

386 3243 498 3308 tiliano
521 3253 553 3308 et
575 3241 722 3308 Pallante
743 3242 838 3310 intas.

320 3347 382 3412 685
404 3345 567 3411 Antonius
588 3343 729 3426 Polemo,
754 3344 900 3430 sophista
919 3346 1075 3413 Graecus.
1115 3344 1316 3409 Mernorotar
1337 3345 1372 3408 in
1391 3343 1483 3409 titolo
1498 3343 1675 3426 Smyrnaeo

383 3448 435 3514 01
435 3447 466 3512 G
483 3451 566 3512 3148
586 3452 614 3512 ct
635 3448 671 3511 in
691 3448 829 3512 narrantis
844 3446 1002 3530 Siroyrnao
1015 3447 1136 3512 Echhel
1157 3447 1204 3512 II
1214 3469 1251 3530 ρ.
1266 3451 1336 3514 554.
1365 3446 1528 3512 Antonius
1543 3445 1674 3512 Polemo

386 3549 602 3614 Philostratus
628 3552 713 3613 vitoe
741 3548 829 3631 soph
858 3555 888 3626 1,
912 3553 965 3626 25,
989 3555 1009 3615 5
1042 3551 1093 3634 (ea
1122 3549 1259 3632 mastalo
1288 3549 1467 3633 Hadriani)
1496 3553 1525 3614 et
1555 3548 1673 3626 titubas,

385 3652 515 3716 Polemo
539 3656 683 3716 coierunt.

448 3753 614 3820 Oriundus
637 3777 679 3818 ex
700 3753 864 3819 Laodicea
882 3753 1046 3840 Phrygiae
1068 3753 1197 3842 oppido,
1220 3757 1239 3840 ἡ
1263 3757 1316 3841 μὲν
1340 3756 1376 3841 δὴ
1399 3753 1578 3840 Πολέμωνος
1601 3757 1676 3820 οἰκία

383 3860 486 3924 πολλοὶ
515 3859 618 3923 ὕπατοι
647 3860 695 3923 καὶ
724 3857 767 3922 ἔτι
790 3857 980 3922 Philostrot.
1004 3863 1032 3935 1,
1055 3861 1106 3935 25,
1131 3863 1160 3923 1.
1201 3858 1255 3922 Ec
1270 3858 1410 3940 postoris
1431 3857 1531 3940 faisse
1551 3856 1675 3921 oidotar

383 3960 587 4025 Potcrnonnrn
616 3981 725 4044 ropnna
748 3958 861 4036 Ponti,
892 3960 947 4041 qai
970 3964 1045 4041 post
1069 3981 1201 4043 reparant
1230 3959 1404 4042 dopositum
1423 3959 1549 4041 partim
1577 3959 1676 4025 Olhae

384 4060 438 4146 (of.
461 4085 492 4130 n.
507 4062 589 4145 687),
608 4063 732 4144 partior
747 4062 926 4128 Laodiceae
948 4061 1003 4143 (of.
1025 4084 1056 4127 n.
1074 4066 1147 4149 704)
1163 4063 1385 4146 principatum
1409 4061 1564 4128 tenebant.
1594 4059 1676 4126 Inde

384 4191 404 4231 a
426 4187 525 4252 puero
548 4165 707 4250 Smyrnae
728 4164 819 4248 degit
837 4164 951 4251 ibique
974 4164 1117 4230 scholam
1145 4163 1439 4251 frequentissimam
1461 4162 1571 4228 rhetor
1593 4163 1675 4229 cele-

385 4268 543 4333 berrimus
574 4266 703 4350 habuit3
731 4289 751 4332 a
773 4267 962 4353 Smyrnaeis
988 4270 1121 4332 summis
1145 4267 1321 4332 honoribus
1343 4267 1478 4332 affectus
1501 4267 1677 4356 (στρατηγός

383 4371 418 4435 in
448 4372 598 4453 nantonis)
633 4391 684 4434 res
717 4369 865 4457 publicas
900 4393 1011 4436 eorum
1044 4371 1173 4436 curavit
1205 4380 1237 4436 et
1268 4368 1484 4455 legationibus
1518 4367 1676 4436 obeundis

382 4475 521 4557 gratiam
543 4474 687 4552 Traiani,
712 4473 881 4556 Hadriani,
906 4473 1063 4540 Antonini
1093 4475 1323 4560 imperatorum
1345 4473 1469 4539 civitati
1493 4469 1677 4538 conciliavit

385 4576 575 4641 Philostrat.
599 4577 624 4639 I
640 4578 683 4642 25
698 4577 832 4658 passion.
887 4576 1075 4642 Hadrianus
1098 4599 1163 4643 non
1186 4575 1285 4640 semel
1306 4576 1448 4660 grandes
1470 4576 1625 4662 pecunias
1646 4575 1675 4638 ei

385 4682 416 4744 in
441 4701 534 4744 usum
556 4679 696 4743 civitatis
720 4678 854 4743 donavit
875 4679 918 4746 id.
940 4679 1014 4763 §a
1036 4685 1065 4756 5,
1089 4700 1150 4762 qno
1172 4683 1292 4762 spectra
1314 4677 1441 4744 titulus:
1463 4681 1512 4744 καὶ
1534 4679 1590 4744 ὅσα
1611 4678 1676 4744 ἑπε-

384 4783 512 4868 τὺχορεν
535 4782 614 4867 παρὰ
635 4787 687 4847 τοῦ
708 4783 807 4867 κυρίου
824 4783 974 4869 Καίσαρος
993 4779 1150 4868 Ἀδριανοῦ
1166 4784 1214 4848 διὰ
1231 4781 1388 4848 Ἀντωνίου
1404 4781 1594 4866 Πολέμωνος.
1623 4778 1677 4845 Ab

384 4883 552 4948 lladriano
576 4885 660 4947 inter
682 4882 809 4948 sodales
831 4886 933 4948 musei
956 4883 1172 4948 Alexandrini
1197 4894 1344 4970 receptus
1368 4883 1481 4950 estid.
1503 4883 1527 4966 §
1549 4887 1578 4950 5.
1612 4881 1677 4946 De·

384 4987 514 5052 functus
532 5008 653 5051 annum
668 5007 768 5069 agens
784 4988 1090 5073 quinquagesimum
1113 4997 1243 5052 sextum
1261 4984 1407 5073 sepultus
1422 4996 1472 5052 est
1485 4985 1676 5068 Laodiceae,
