3758 5628
329 314 459 370 CATIVS
969 303 1032 368 822
1570 309 1689 365 cnm

455 511 497 576 [3
524 509 705 575 consulatu:
731 509 830 592 pleno
857 510 988 574 omuino
1016 513 1125 574 cotort
1155 507 1207 573 VI
1222 511 1321 584 1984.
1352 506 1451 572 Silius
1472 506 1622 571 armate.
1645 504 1690 568 de

389 615 574 697 33343162,
606 610 706 678 Silius
729 611 861 678 Italicus
883 612 1033 696 Prosper,
1058 615 1192 676 ceterum
1218 609 1350 675 Italicus
1373 611 1462 692 fasti
1485 646 1528 658 -
1549 605 1688 674 Italicus

392 719 425 780 in
447 716 600 793 cummim
629 714 730 780 Silius
752 715 883 781 Italicus
906 715 995 797 opmt
1020 715 1173 791 Tacitum,
1197 711 1344 778 Plio-iam
1366 720 1395 778 et
1415 715 1452 778 in
1473 712 1613 776 codicum
1634 712 1686 774 in-

390 818 615 902 scriptionibus
638 817 851 895 Particomm,·
874 818 973 883 Silius
995 817 1084 900 epod
1105 817 1304 894 Martiales,
1328 823 1463 882 cetorum
1481 817 1623 882 Italicus.

455 919 574 987 Consul
599 943 683 986 anno
706 921 747 986 68
777 921 858 1002 fasti
883 921 924 1003 cf.
947 921 1031 986 Plia.
1055 923 1144 1003 epist.
1167 925 1197 997 3,
1222 925 1250 997 7,
1274 925 1303 985 9.
1326 925 1376 997 10,
1409 919 1559 986 Mortial.
1583 921 1682 1002 epipr.

391 1029 420 1102 7,
443 1028 493 1101 63,
517 1028 555 1102 9;
574 1027 604 1102 8,
626 1027 675 1088 66.
720 1023 789 1090 Sub
817 1023 947 1088 Nerone
976 1023 1172 1089 credebatur
1200 1033 1315 1109 sponte
1345 1043 1529 1104 accusasse,
1562 1021 1618 1088 sed
1648 1024 1683 1086 in

391 1125 514 1192 Vitellii
544 1127 686 1192 amicitia
716 1127 879 1212 sapienter
908 1148 943 1190 se
973 1136 1005 1190 et
1034 1127 1169 1191 comiter
1195 1135 1340 1209 gesserat
1361 1124 1451 1192 Ptin.
1473 1125 1494 1190 l.
1518 1125 1538 1190 l.
1559 1125 1583 1208 §
1604 1129 1642 1202 3;
1663 1147 1686 1188 a

389 1227 522 1295 Vitellio
552 1250 663 1293 mense
694 1228 869 1294 Decembri
899 1251 929 1295 3.
952 1229 994 1294 69
1023 1229 1064 1293 36
1095 1227 1256 1314 colloquia
1284 1227 1326 1292 de
1357 1251 1436 1314 pace
1465 1251 1538 1293 cum
1567 1227 1685 1292 Flavio

389 1331 510 1397 Sabino
540 1329 704 1396 adhibitus
737 1332 811 1396 Tac.
841 1331 871 1398 lt.
903 1337 933 1409 3,
964 1335 1014 1397 65.
1064 1330 1243 1396 Proconsul
1272 1330 1372 1397 Asiae
1400 1329 1461 1395 sub
1483 1331 1685 1416 Vespasiano

387 1435 519 1515 nummi,
543 1455 585 1498 ex
608 1432 838 1518 proconsulatu
862 1434 961 1499 Asiae
983 1432 1120 1518 gloriam
1144 1435 1324 1520 reportavit
1343 1433 1432 1498 Ptin.
1449 1433 1474 1516 §
1487 1437 1517 1497 3.
1554 1433 1685 1497 Deinde

390 1539 511 1602 otiosus
533 1535 648 1600 litteris
671 1558 802 1623 operam
825 1534 933 1620 dabat,
957 1559 1029 1602 cum
1053 1546 1138 1602 esset
1160 1538 1245 1601 inter
1267 1537 1431 1621 principes
1449 1537 1590 1600 civitatis
1611 1536 1685 1599 sine

390 1640 550 1727 potentia,
589 1639 659 1702 sine
697 1638 837 1722 invidin3
875 1641 1050 1704 novissime
1087 1641 1131 1704 ita
1160 1638 1373 1704 suadentibus
1404 1640 1498 1703 annis
1532 1637 1572 1702 ab
1600 1637 1684 1703 urbe

389 1742 522 1808 secessit
555 1763 655 1827 seque
688 1741 721 1805 in
756 1741 937 1828 Campania
970 1745 1091 1825 tenuit3
1125 1741 1169 1807 ibi
1203 1743 1235 1806 iu
1269 1739 1483 1828 Neapolitano
1515 1761 1572 1805 suo
1608 1763 1683 1806 cum

389 1866 510 1910 annum
532 1844 681 1929 quintum
704 1854 736 1909 et
758 1846 1053 1930 septuagensimum
1076 1845 1276 1925 excessisset,
1302 1865 1387 1908 anno
1409 1843 1479 1907 fere
1495 1844 1553 1908 101
1575 1843 1684 1908 inedia

389 1950 489 2012 vitam
511 1945 617 2010 finivit
639 1943 728 2014 Ptin.
750 1945 771 2012 l.
795 1947 815 2014 b.

456 2047 577 2114 Orator
599 2059 631 2112 et
652 2059 764 2135 poeta:
790 2047 904 2114 ‘Silius
926 2049 1071 2114 Ausonio
1094 2071 1158 2114 non
1183 2048 1280 2114 semel
1304 2071 1359 2114 ore
1381 2057 1506 2135 potens’
1532 2047 1682 2115 Martini.

388 2157 417 2229 9,
440 2156 491 2228 86,
514 2155 547 2226 2,
573 2149 672 2215 ‘hune
700 2153 837 2216 miratur
867 2151 975 2216 adhuc
1005 2163 1134 2218 centum
1164 2153 1275 2234 gravis
1299 2150 1392 2216 hasta
1411 2151 1572 2230 virorum,
1597 2150 1683 2214 hunc

389 2255 534 2341 loquitur
556 2263 650 2336 grata
672 2252 829 2338 plurimus
851 2276 908 2318 ore
930 2254 1041 2319 cliens’
1066 2255 1109 2320 iti.
1126 2260 1154 2333 7,
1170 2259 1220 2333 63,
1239 2259 1305 2319 7-8
1326 2256 1367 2336 cf.
1391 2259 1440 2332 11,
1456 2259 1506 2332 48,
1522 2259 1551 2320 4.
1596 2253 1682 2317 Scri·

388 2357 486 2422 bebat
507 2357 651 2420 carmina
672 2358 795 2420 maiore
817 2378 897 2422 cura
912 2379 1009 2442 quam
1032 2359 1163 2442 ingenio
1180 2357 1270 2423 Ptin.
1287 2357 1305 2422 l.
1324 2357 1345 2422 l.
1360 2358 1385 2441 5
1398 2362 1429 2435 5,
1452 2359 1487 2420 in
1505 2357 1544 2419 iis
1559 2356 1685 2419 Punica

390 2460 540 2527 Morttol.
556 2464 585 2535 4,
601 2464 651 2536 14,
675 2481 758 2546 quae
781 2469 895 2524 extant
917 2461 969 2542 (of.
998 2458 1296 2538 Teuffel-Schwabe,
1319 2459 1504 2525 Gescbiobte
1519 2458 1575 2522 der
1588 2459 1683 2521 3633·-
1798 2493 1800 2496 -

387 2563 481 2628 sobert
496 2561 701 2644 Litcrotttr§
717 2563 828 2648 320⁵),
853 2561 913 2628 sub
936 2562 1123 2627 Domitiano
1147 2563 1208 2630 Sit.
1226 2562 1352 2627 Partica
1372 2567 1402 2640 3,
1421 2566 1484 2628 594
1497 2581 1561 2642 sqq.
1599 2559 1681 2625 Cum

389 2662 605 2730 ascribendo
635 2674 782 2748 vacaret,
814 2664 1009 2730 doctissimis
1039 2665 1241 2730 sermonibus
1271 2665 1340 2729 dies
1371 2664 1570 2748 transigebat
1591 2661 1682 2727 Ptin.

390 2768 409 2835 l.
428 2768 448 2832 l.
463 2769 488 2851 §
502 2773 532 2844 4,
555 2787 629 2832 cum
645 2767 791 2853 Epicteto
808 2766 1051 2854 philosophatus
1068 2778 1116 2832 est
1130 2767 1266 2850 Epictct.
1284 2768 1358 2833 diss.
1373 2773 1403 2844 3,
1418 2772 1448 2844 8,
1466 2771 1495 2831 7.
1522 2767 1681 2830 Patronus

388 2869 547 2934 Martialis
570 2880 685 2954 poetae
701 2871 758 2955 qui
781 2869 821 2933 ad
847 2893 919 2934 eum
943 2871 1073 2956 scripsit
1088 2871 1186 2953 tpipr.
1202 2875 1232 2947 4,
1248 2873 1306 2947 14,·
1329 2874 1357 2945 7,
1374 2873 1430 2946 63;
1451 2872 1481 2945 8,
1498 2873 1538 2932 66
1544 2887 1555 2946 ,·
1577 2873 1606 2945 9,
1622 2871 1665 2931 86
1671 2887 1682 2944 ;

390 2977 440 3051 11,
459 2976 510 3038 48.
532 2976 583 3052 49,
609 2982 777 3066 praeterea
807 2995 879 3036 erum
910 2972 1022 3038 laudat
1043 2978 1071 3050 6,
1096 2977 1144 3048 64,
1167 2977 1218 3037 16.
1262 2973 1418 3038 Annaeus
1439 2970 1602 3036 Cornutus
1624 2967 1680 3050 (of.

387 3074 419 3137 A
435 3073 507 3154 466)
524 3074 565 3139 ad
581 3074 728 3140 Italicum
746 3073 786 3138 de
803 3075 949 3159 Vergilio
972 3075 1055 3141 libro
1073 3076 1106 3139 X
1123 3073 1251 3140 Ultoris.
1268 3073 1412 3142 Gratum.
1429 3075 1503 3138 Lot.
1520 3073 1545 3138 1
1555 3095 1591 3155 p.
1607 3075 1681 3138 125.

454 3176 591 3241 Liberos
614 3177 696 3242 duos
719 3175 841 3252 habuit,
866 3177 1048 3264 ers-quibus
1066 3180 1222 3242 minorem
1241 3177 1400 3243 Severum
1422 3177 1553 3240 nomine
1574 3176 1682 3240 amisit

387 3278 479 3344 Plio.
503 3279 523 3347 l.
548 3278 567 3344 l.
590 3279 667 3362 69,
698 3281 732 3343 in
762 3281 853 3344 cuius
875 3288 1011 3345 mortem
1034 3278 1194 3344 Martialis
1217 3281 1347 3365 scripsit
1366 3282 1463 3362 epigr.
1487 3283 1516 3356 9,
1538 3282 1580 3342 86
1587 3299 1596 3356 ;
1624 3276 1679 3341 336

388 3384 542 3447 maiorem
564 3380 794 3467 melioremque
817 3381 983 3447 florentem
999 3393 1097 3469 atque
1114 3384 1210 3447 etiam
1225 3382 1426 3447 consularem
1443 3381 1575 3468 reliquit
1590 3378 1679 3447 Plus.

389 3485 409 3550 l.
433 3484 464 3562 l.‚
489 3485 521 3547 in
544 3485 636 3548 cuius
659 3483 860 3549 consulatum
882 3484 1042 3550 Martialis
1065 3486 1194 3571 scripsit
1216 3487 1313 3569 epigr.
1328 3489 1359 3562 8,
1376 3489 1423 3549 66.
1447 3483 1623 3548 -Plures
1647 3485 1679 3546 in

389 3587 490 3652 isdem
513 3584 591 3650 locis
614 3584 708 3651 villas
730 3586 916 3673 possidebat
938 3589 1027 3652 Plio.
1051 3587 1071 3653 l.
1095 3587 1115 3652 l.
1138 3589 1200 3671 §8
1222 3591 1292 3672 (nbi
1320 3588 1356 3654 63
1378 3587 1573 3671 Caepasios
1602 3585 1679 3650 loeis

385 3691 414 3754 si
435 3693 539 3754 36333
553 3688 654 3754 sotum
673 3693 707 3754 ot
723 3692 923 3772 potissimum
942 3690 1143 3774 3396336333
1157 3711 1223 3756 esse
1238 3713 1275 3756 33
1290 3695 1435 3756 cerasta
1452 3695 1680 3773 apparatrices

388 3791 519 3856 Plinius
541 3789 578 3855 otc
600 3811 719 3857 secessu
735 3790 897 3875 Cornporto
912 3792 988 3858 Silii
1003 3793 1104 3876 opat)
1138 3793 1585 3858 Possidebatmonumentum
1600 3790 1682 3853 Ver-

386 3892 457 3975 gilii
482 3893 733 3978 Neapolitauum
763 3904 794 3958 et
822 3893 959 3960 fundum
989 3896 1045 3981 qui
1075 3894 1241 3981 quondam
1263 3894 1431 3961 Ciceronis
1462 3895 1568 3959 fuerat
1589 3891 1680 3956 Plio.

387 3995 406 4062 l.
424 3994 443 4062 l.
459 3995 484 4078 §
498 3999 528 4072 8,
551 3995 700 4060 Mortiol.
721 4001 770 4074 11,
786 4000 836 4062 48.
851 4002 902 4065 49.
940 3997 982 4062 Ι6
996 3999 1095 4080 fuisse
1114 3997 1328 4063 Tartesiorum
1343 3997 1380 4062 dc
1394 3997 1491 4062 Rosci
1504 3994 1682 4060 Bullettiao

322 4119 325 4124 ’
388 4099 657 4165 33333631882
681 4122 717 4183 p,
740 4105 800 4164 141
822 4102 889 4165 stae
910 4100 1026 4166 idoneo
1048 4120 1146 4166 33333
1168 4101 1232 4165 sibi
1246 4102 1420 4184 pcrsrrasit,
1444 4099 1527 4182 qaod
1552 4096 1684 4163 Tesseoli

387 4207 409 4267 t.
431 4201 563 4276 nectibus
576 4201 671 4267 XIV
678 4203 764 4268 2653
783 4207 926 4284 repertus
948 4207 993 4268 ost
1007 4204 1050 4268 D.
1067 4203 1111 4266 M.
1129 4202 1293 4268 Crescenti
1312 4201 1371 4269 Sili
1386 4201 1493 4268 Italici
1509 4199 1680 4283 collegium

389 4305 561 4369 salutarem
586 4351 658 4388 ...,
682 4307 737 4386 qui
757 4309 778 4369 t.
801 4323 878 4370 sone
901 4305 944 4370 36
958 4309 1088 4388 poetam
1109 4305 1158 4370 ool
1177 4304 1221 4370 36
1241 4305 1344 4389 filiam
1364 4308 1507 4387 spectac
1522 4305 1636 4388 potest.

326 4409 389 4475 475
412 4406 515 4490 Catia,
542 4417 719 4472 ‘mamonae
740 4417 871 4493 praeter
892 4407 1006 4472 faciem
1029 4407 1075 4472 nil
1097 4429 1230 4472 cernere
1253 4407 1365 4493 possis,
1390 4415 1507 4489 cetera,
1531 4405 1563 4470 ni
1587 4403 1681 4468 Catia

389 4520 446 4593 est,
475 4509 615 4574 demissa
636 4519 726 4575 veste
749 4512 898 4594 tegentis‘
917 4511 1030 4576 Horat.
1051 4515 1112 4577 sot.
1135 4516 1165 4588 1,
1188 4515 1221 4588 2,
1242 4513 1283 4575 95
1296 4530 1340 4592 sq.
1381 4507 1477 4574 Catia
1499 4507 1540 4574 ob
1562 4505 1681 4592 pulcri·

389 4611 534 4677 tudinem
562 4633 693 4676 crurum
724 4612 848 4699 pudore
877 4612 1024 4696 neglecto
1053 4612 1120 4678 alta
1140 4623 1230 4678 veste
1262 4611 1432 4694 utebatur3
1463 4611 1544 4676 haee
1572 4617 1681 4674 autem

391 4714 472 4779 adeo
495 4713 571 4778 vilis
595 4715 665 4797 fuit,
690 4724 726 4780 ut
747 4717 780 4778 in
799 4714 879 4780 aede
893 4716 1031 4780 Veneris
1051 4714 1169 4780 theatri
1185 4715 1374 4800 Pompeiani
1390 4713 1585 4778 adulterium
1607 4733 1683 4775 cum

388 4817 519 4884 Valerio
543 4817 653 4884 Siculo
676 4818 807 4884 tribuno
830 4818 935 4905 plebis
959 4819 1126 4885 admiserit
1147 4818 1327 4902 Porpbprr'o
1350 4817 1394 4882 36
1415 4816 1435 4882 l.
1460 4815 1480 4880 l.
1497 4837 1534 4898 p.
1550 4817 1611 4879 196
1633 4813 1683 4879 36.

386 4921 509 5004 Meyer.
