3758 5628
317 358 499 426 chamus
959 355 1024 424 390
1482 367 1666 424 omanus

379 571 492 646 aetate,
515 561 673 628 bonarum
695 564 812 628 artium
835 565 968 650 cupiens
990 573 1069 646 erat,
1094 562 1151 627 sed
1173 565 1343 628 imminuta
1356 584 1446 628 mens
1462 563 1531 628 eim
1546 561 1668 626 obstitit

382 665 456 730 Tac.
472 685 504 730 a.
518 670 547 742 6,
562 669 612 729 46.
642 664 707 746 Qui
722 676 831 730 nmen
845 667 986 730 moriens
1001 687 1076 731 eum
1091 667 1124 730 in
1140 667 1243 730 tertiis
1259 665 1433 732 heredibus
1449 674 1666 750 nuncupatum

377 767 484 852 legato
500 767 587 833 haud
602 767 756 832 mediocri
771 779 962 855 prosecutus
978 771 1112 856 insuper
1129 767 1325 834 exercitibus
1341 779 1372 833 et
1387 769 1512 834 senatui
1534 765 1666 854 populo·

377 891 441 954 que
470 870 615 935 Romano
649 871 735 936 inter
768 882 890 936 ceteras
924 870 1178 936 necessitudines
1212 873 1401 936 nominatim
1431 871 1669 936 commendavit

375 969 502 1038 Aaron
522 971 575 1038 Ol.
594 975 622 1036 6.

440 1074 542 1140 Gaius
564 1075 737 1160 imperium
759 1075 897 1161 adeptus
921 1096 994 1140 eum
1017 1087 1197 1141 senatorem
1219 1076 1297 1141 fecit
1319 1085 1351 1140 et
1373 1073 1529 1159 collegam
1551 1074 1613 1140 sibi
1635 1075 1667 1138 in

378 1175 547 1242 consulatu
570 1179 745 1264 assumpsit
763 1177 891 1244 ὅμοιοι.
912 1177 1016 1262 Galia.
1034 1182 1082 1256 15,
1101 1177 1150 1244 Cl.
1168 1185 1204 1257 7;
1227 1177 1338 1244 consul
1361 1177 1514 1244 suffectus
1537 1199 1581 1242 ex
1602 1175 1666 1242 kal.

376 1279 467 1346 Iuliis
490 1301 519 1346 a.
541 1278 583 1345 37
606 1301 665 1366 per
687 1278 769 1346 duos
790 1303 916 1346 menses
939 1303 1012 1346 cum
1035 1281 1072 1347 0.
1095 1281 1236 1347 Caesare
1258 1283 1348 1366 fasti.
1393 1282 1432 1346 In
1461 1282 1530 1366 ipso
1554 1303 1667 1346 consu·

374 1381 452 1466 latu,
476 1382 563 1468 quod
577 1383 717 1448 Neronis
732 1393 766 1448 et
779 1383 879 1448 Drusi
895 1383 1033 1449 fratrum
1049 1383 1199 1451 Caesaris
1214 1394 1338 1449 statuas
1361 1385 1493 1467 segnius
1515 1382 1666 1448 locandas

376 1485 609 1571 ponendasque
638 1496 799 1570 curasset,
833 1508 936 1572 paene
971 1486 1093 1552 honore
1122 1497 1301 1552 summotus
1330 1497 1379 1552 est
1407 1485 1533 1553 Sreeton.
1562 1485 1612 1554 Ol.
1636 1490 1665 1550 9.

374 1587 470 1654 Anno
493 1589 536 1655 39
556 1610 630 1653 cum
653 1588 781 1654 detecta
802 1589 861 1672 (Μ.
877 1588 1024 1674 Aemilii)
1045 1589 1161 1676 Lepidi
1184 1591 1238 1675 (cf.
1260 1611 1361 1673 supra
1376 1590 1409 1654 A
1424 1593 1556 1669 249)'et
1577 1587 1666 1671 (Ocr-

375 1690 453 1755 nelli
465 1690 613 1775 Lentuli)
629 1689 793 1757 Gaetulici
809 1693 1041 1777 coniuratione,
1065 1691 1222 1758 Claudius
1244 1695 1330 1758 inter
1350 1692 1473 1778 legatos
1495 1691 1538 1757 ad
1559 1703 1666 1774 gratu·

374 1792 507 1858 landum
522 1795 556 1858 in
572 1793 783 1860 Germaniam
796 1797 915 1860 missus
931 1806 1023 1880 esset,
1040 1796 1144 1864 Gaius
1159 1795 1346 1880 indignatus
1369 1805 1521 1881 patruum
1541 1793 1664 1880 potissi·

374 1918 463 1961 mum
485 1893 526 1960 ad
541 1897 725 1961 semiesum
743 1919 813 1962 esse
828 1919 901 1962 eum
916 1919 1019 1983 paene
1035 1897 1197 1963 interfecit
1210 1897 1337 1965 &actore
1356 1896 1409 1963 cl.
1423 1901 1453 1974 9,
1468 1895 1534 1962 Dio
1548 1902 1598 1974 59,
1613 1899 1664 1963 23.

374 1999 484 2085 Atque
515 2021 557 2064 ex
586 2021 624 2064 eo
655 2022 822 2086 nunquam
850 2022 915 2066 non
941 2003 975 2065 in
999 2010 1113 2067 senatu
1135 2003 1331 2066 novissimus
1354 1998 1574 2065 consularium
1596 2021 1664 2062 scn-

376 2103 509 2167 tentiam
532 2101 617 2167 dixit
647 2102 842 2186 ignominiae
865 2125 964 2168 causa
986 2115 1059 2190 post
1081 2105 1184 2168 omnis
1207 2105 1425 2187 interrogatus
1448 2102 1578 2167 Sueten.
1602 2098 1621 2164 l.
1644 2099 1664 2163 l.

374 2203 515 2270 Omnino
538 2205 602 2272 Gai
623 2203 717 2270 aulae
746 2204 888 2270 ludibrio
917 2215 987 2271 erat
1009 2205 1137 2273 aaaron
1157 2205 1263 2289 Galia
1286 2210 1340 2282 23,
1364 2203 1414 2272 Ol.
1439 2207 1470 2270 8.
1494 2209 1525 2282 9,
1547 2203 1666 2269 Seneca

375 2307 495 2390 apocol.
512 2310 571 2386 15,-
593 2330 612 2372 a
627 2307 761 2372 Polluce
780 2329 874 2372 servo
890 2308 976 2394 apud
993 2307 1114 2375 Gaium
1129 2317 1301 2374 accusatus
1315 2306 1439 2391 Ioseph.
1452 2311 1517 2371 ant.
1530 2311 1580 2384 19,
1592 2310 1621 2382 1,
1632 2309 1664 2371 2.

374 2410 477 2478 Gaius
506 2431 580 2474 cum
609 2410 733 2496 Iupiter
763 2411 903 2476 Latiaris
930 2410 1060 2476 adorari
1090 2421 1223 2498 coeptus
1249 2420 1343 2493 esset,
1375 2411 1459 2475 inter
1485 2407 1665 2474 sacerdotes

375 2511 517 2577 numinis
532 2512 582 2577 sui
599 2523 630 2576 et
646 2511 821 2578 Claudium
838 2515 986 2597 instituit,
1011 2514 1065 2599 qui
1081 2523 1212 2580 coactus
1227 2534 1286 2600 pro
1306 2513 1442 2577 introitu
1463 2511 1540 2575 novi
1563 2530 1666 2574 sacer·

374 2612 453 2679 dotii
470 2614 651 2678 sestertium
667 2617 809 2698 octogies
825 2615 1013 2701 impendere
1027 2615 1069 2681 ad
1086 2638 1227 2681 summas
1243 2617 1290 2680 rei
1307 2614 1477 2680 familiaris
1500 2613 1665 2697 angrntias

375 2715 497 2781 decidit
518 2715 647 2784 Seston.
668 2715 717 2782 Ol.
734 2721 754 2782 9
776 2717 819 2799 cf.
840 2716 942 2801 Calig.
958 2723 1014 2795 22,
1037 2715 1104 2782 Dio
1125 2723 1175 2796 59,
1195 2721 1248 2784 20.

439 2818 616 2904 Postquam
632 2819 735 2886 Gaius
749 2817 780 2884 d.
796 2821 838 2885 24
860 2821 980 2883 mensis
1003 2820 1147 2885 Ianuarii
1170 2842 1199 2886 a.
1215 2821 1255 2886 41
1281 2821 1407 2884 occisus
1430 2828 1486 2900 est,
1511 2813 1664 2883 Claudius

374 2942 449 2985 cum
470 2923 503 2986 in
526 2919 682 3007 palatium
706 2941 740 2985 se
762 2920 954 3004 abdidisset,
986 2943 1004 2986 e
1032 2920 1165 2987 latebris
1194 2943 1217 2986 a
1243 2921 1403 2987 militibus
1433 2918 1609 3007 productus
1631 2927 1664 2981 et

374 3025 551 3109 imperator
572 3023 732 3089 saluatus
754 3025 788 3088 in
810 3034 917 3088 castra
945 3027 1107 3110 praetoria
1134 3023 1263 3089 delatus
1292 3034 1357 3106 est3
1388 3045 1463 3087 cum
1489 3023 1523 3088 in
1554 3029 1665 3085 senatu

373 3148 433 3212 per
460 3126 595 3191 biduum
626 3125 667 3190 de
696 3125 845 3191 libertate
874 3126 1074 3192 restituenda
1102 3125 1224 3192 frustra
1252 3137 1360 3192 actum
1383 3136 1483 3209 essct,
1508 3122 1667 3190 Claudius

374 3239 502 3315 postero
526 3227 580 3292 die
601 3240 675 3314 post
697 3227 760 3294 Gai
782 3249 895 3294 necem
917 3228 1034 3294 milites
1056 3231 1090 3295 in
1113 3251 1228 3294 nomen
1253 3251 1346 3294 suum
1369 3230 1476 3293 iurare
1499 3247 1611 3313 passus
1634 3233 1666 3287 et

376 3331 452 3395 dein
481 3330 522 3396 ab
552 3330 700 3396 omnibus
730 3332 904 3416 imperator
927 3333 1056 3414 agnitus
1079 3343 1128 3397 eat
1148 3331 1276 3398 metm.
1296 3329 1346 3395 Ol.
1366 3336 1406 3396 10
1427 3331 1469 3412 cs.
1490 3328 1593 3412 Golia
1616 3329 1664 3401 60,

375 3432 441 3498 Dio
462 3436 552 3510 60,1
574 3431 737 3512 (Zonaras
758 3438 807 3510 11,
831 3436 875 3518 8),
899 3432 975 3498 Vict.
997 3432 1087 3500 Gaas.
1102 3438 1131 3518 3,
1154 3433 1280 3517 Ioseph.
1303 3437 1369 3498 ant.
1393 3437 1442 3510 19,
1464 3436 1574 3514 3sqq,
1598 3427 1666 3494 bell.

375 3540 408 3612 2,
430 3540 480 3600 11.
524 3535 574 3602 Ti.
597 3533 754 3600 Claudius
777 3534 900 3602 Caesar
921 3535 1089 3618 Augustus
1112 3536 1325 3603 Germanicus
1349 3535 1476 3619 passim
1507 3534 1542 3598 ιἰι
1568 3529 1667 3596 titulis

288 3644 291 3652 '
375 3638 570 3720 ammonete
585 3638 626 3719 cf.
642 3636 763 3702 Ecttet
782 3635 873 3721 Hp.
885 3641 949 3703 235
964 3657 1038 3720 sqq,
1060 3636 1166 3703 cotes
1180 3638 1222 3703 1²
1233 3660 1269 3721 p.
1280 3642 1346 3704 250
1360 3657 1443 3720 sqq.;
1460 3633 1667 3723 praenomine

376 3741 579 3825 imperatoris
601 3737 758 3805 abstinuit
779 3739 908 3806 Saetosi.
929 3738 980 3808 Ol.
996 3745 1048 3806 12.
1088 3738 1210 3806 Consul
1232 3740 1267 3805 11
1288 3761 1316 3804 a.
1336 3739 1387 3822 42,
1408 3739 1460 3803 ΠΙ
1482 3761 1510 3806 a.
1527 3737 1578 3820 43,
1601 3733 1667 3800 IIII

377 3866 408 3906 a.
429 3841 481 3924 47,
504 3841 586 3905 Va.
608 3841 647 3906 51
672 3842 761 3923 susti.
805 3841 955 3906 Mortuus
986 3852 1035 3906 eat
1064 3842 1186 3907 Romae
1217 3839 1271 3907 die
1299 3843 1340 3907 13
1370 3842 1488 3906 mensis
1517 3837 1667 3904 Octobris

378 3945 455 4010 anni
478 3945 528 4021 54,
559 3953 596 4008 ut
616 3941 715 4028 vulgo
745 3942 931 4029 putabatur,
955 3967 1080 4010 veneno
1111 3945 1245 4027 occisus,
1277 3945 1346 4008 sive
1375 3942 1482 4008 boleto
1511 3939 1667 4006 medicato

376 4055 508 4132 accepto
539 4047 608 4110 sive
637 4067 762 4111 veneno
792 4046 908 4112 hausto
941 4048 1015 4114 Tae.
1040 4069 1069 4114 a.
1097 4051 1151 4124 12,
1174 4051 1297 4124 66-69,
1321 4046 1450 4112 Sueten.
1478 4043 1530 4109 01.
1554 4043 1666 4123 44-45,

380 4147 459 4215 Ner.
473 4153 524 4225 33,
541 4145 608 4212 Dio
622 4153 671 4226 60,
686 4152 727 4214 34
742 4149 904 4233 (Zonaras
918 4155 967 4227 11,
983 4153 1046 4235 11),
1064 4147 1154 4217 Plias.
1169 4170 1200 4214 ιι.
1216 4149 1246 4216 h.
1262 4154 1295 4226 2,
1311 4153 1371 4225 92;
1384 4152 1434 4223 11,
1449 4151 1530 4223 189;
1544 4149 1600 4223 22,
1615 4148 1667 4220 42,

379 4249 530 4317 Martial.
541 4255 571 4327 1,
584 4255 637 4328 20,
648 4256 678 4327 4,
695 4251 839 4316 Juvenal.
853 4254 883 4327 5,
894 4255 969 4329 147;
983 4255 1013 4327 6,
1026 4256 1089 4317 621
1104 4271 1174 4316 cum
1188 4250 1293 4327 schol,
1311 4249 1435 4333 Ioseph·
1452 4253 1518 4314 ant.
1530 4253 1583 4324 20,
1597 4250 1668 4324 8,1.

444 4351 587 4437 Sponsas
615 4350 790 4432 admodum
820 4350 1011 4416 adulescens
1040 4352 1121 4417 duaa
1151 4351 1282 4416 habuit:
1313 4349 1486 4417 Aemiliam
1512 4349 1669 4436 Lepidam

378 4454 520 4537 Augusti
542 4464 741 4539 proneptem,
767 4475 866 4540 quam
880 4456 1041 4538 virginem
1063 4453 1170 4519 adhrm
1191 4453 1386 4540 repudiavit,
1410 4451 1498 4538 quod
1520 4461 1669 4539 parentes

381 4557 449 4621 eius
463 4555 594 4640 (sedicet
608 4555 646 4620 L.
662 4554 820 4620 Aentdiua
834 4553 973 4621 Paullus
993 4576 1054 4622 eos.
1071 4577 1101 4620 o.
1118 4561 1138 4621 1
1152 4579 1188 4640 p.
1204 4554 1237 4622 0.
1261 4561 1290 4620 et
1305 4555 1395 4620 Iulia
1416 4555 1519 4637 nepta
1532 4551 1673 4639 Augusti

380 4659 422 4740 os,
448 4658 481 4722 A
505 4657 581 4739 295)
611 4655 798 4741 Augustum
828 4657 1046 4741 offenderant,
1081 4667 1114 4722 et
1141 4659 1269 4722 Liviam
1298 4656 1526 4740 Medullium,
1557 4657 1612 4722 cui
1641 4665 1673 4720 et

382 4779 560 4843 cognomen
583 4756 740 4824 Camillae
762 4771 839 4843 erat,
871 4781 968 4845 quam
991 4761 1060 4845 ipso
1083 4759 1144 4844 die,
1168 4762 1225 4847 qui
1248 4771 1318 4825 erat
1339 4760 1461 4845 nuptiis
1483 4758 1670 4840 destinatus,

382 4885 424 4926 ex
443 4859 632 4926 valetudine
654 4862 762 4925 amisit
783 4859 837 4944 (af.
862 4863 908 4927 tit.
931 4861 1137 4944 scptdcralcm
1159 4862 1225 4926 ιίιιε
1244 4860 1282 4926 Χ
1293 4861 1385 4944 6661)
1400 4860 1529 4927 Sueten.
1550 4859 1603 4926 Ol.
1618 4862 1670 4927 26.

383 4963 511 5030 onres
534 4962 652 5028 deinde
666 4963 762 5028 duxit
779 4965 917 5049 primam
933 4962 1094 5030 Plautiam
1109 4961 1348 5048 Vrgulanillam
1370 4961 1558 5051 triumphali
1580 4971 1671 5050 patre
