3732 5630
318 295 473 351 CAESIVS
962 285 1024 350 268
1517 292 1671 348 CAESIVS

1167 391 1172 396 .
1180 389 1370 397 -———·—.—

447 489 485 556 C.
502 490 534 574 f,
558 489 646 555 tribu
670 487 808 556 Claudia
827 493 849 554 t.
865 494 893 567 1,
917 491 1100 578 praefectus
1124 489 1265 555 cohortis
1287 488 1448 556 secundae
1470 488 1573 573 (addit
1594 495 1614 557 l.
1634 491 1671 574 2)

383 595 604 679 Hispanorum
628 593 789 677 equitatae
807 597 829 656 t.
844 597 874 656 1.
890 598 923 670 2,
947 615 1031 657 anne
1051 595 1093 658 60
1117 598 1137 658 l.
1152 599 1185 671 2,
1210 592 1360 658 tribunus
1375 591 1523 674 militnm,
1548 597 1670 676 (postea

381 697 416 761 r'a
438 695 578 760 ordinem
598 696 828 778 amplissimum
847 695 988 761 adlectus
1003 697 1218 780 probabatur
1239 718 1260 761 α
1282 695 1498 782 Vespasiano),
1522 707 1670 782 quaestor

383 821 440 884 pro
465 821 512 883 pr.
536 798 632 864 Ponti
664 809 696 863 et
719 797 904 883 Bithyniae,
936 798 1049 864 aedilis
1080 799 1184 885 plebis
1206 797 1352 883 Cerialis,
1384 809 1523 885 praetor,
1546 797 1669 883 legatus

381 924 440 988 pro
463 925 510 988 pr.
536 903 726 987 provinciae
749 901 929 967 Sardiniae.
955 939 990 948 -
1015 902 1170 967 Diuersus
1192 906 1237 968 est
1259 901 1295 968 C.
1320 902 1453 968 Caesius
1476 901 1567 987 Aper
1588 921 1666 983 mag.

382 1005 448 1068 vic.
471 1005 531 1070 XI
547 1009 638 1081 0013,
661 1006 736 1068 item
759 1003 844 1070 alius
858 1004 896 1070 C.
913 1004 1046 1070 Caesius
1070 1007 1160 1091 Aper
1182 1005 1334 1070 Mestriae
1358 1005 1581 1086 Saturnin(a)e
1604 1006 1668 1067 sive

383 1107 557 1190 Marci(a)e
573 1107 789 1190 33033111
799 1113 893 1174 0021.
928 1109 992 1189 Qui
1013 1108 1099 1172 tituli
1119 1129 1188 1173 mam
1211 1113 1240 1173 et
1256 1109 1320 1191 ipsi
1335 1107 1455 1174 Sestiai
1468 1108 1586 1190 reperti
1598 1108 1667 1182 siut,

383 1209 636 1274 uriacensem
657 1210 822 1292 Aprorura
844 1210 1005 1291 sarraliam
1027 1211 1173 1290 floruisse
1195 1211 1312 1277 doceat.

323 1313 384 1378 149
408 1313 544 1378 Caesius
567 1313 703 1396 Bassus,
735 1314 858 1377 amicus
886 1314 987 1377 Persii
1017 1315 1084 1378 uita
1111 1313 1217 1378 Persii
1239 1313 1366 1382 Sueten.
1389 1313 1446 1379 rel.
1468 1312 1514 1378 ed.
1538 1313 1668 1396 Reiffer-

382 1416 489 1482 scheid
505 1438 541 1498 p.
560 1421 608 1494 73,
632 1417 687 1502 qni
705 1415 835 1481 adeum
855 1418 985 1501 scripsit
1000 1426 1144 1482 saturam
1159 1426 1300 1499 sextam,
1323 1428 1397 1504 post
1417 1425 1553 1481 mortem
1570 1417 1668 1481 Persii

384 1519 538 1584 Annaeus
562 1518 726 1584 Cornutus
748 1518 867 1584 librum
897 1521 1069 1584 satirarum
1099 1521 1199 1584 Basso
1223 1521 1360 1605 petenti,
1393 1529 1429 1584 ut
1450 1521 1512 1604 ipsi
1534 1519 1668 1600 cederet,

385 1622 519 1687 tradidit
541 1621 702 1688 edendum
718 1621 782 1686 e'bd.
799 1644 835 1705 p.
853 1627 901 1686 74.
935 1623 1037 1687 Fama
1059 1633 1107 1687 est
1129 1645 1201 1688 eum
1226 1625 1256 1686 in
1281 1623 1422 1708 praediis
1444 1625 1510 1687 suis
1533 1623 1669 1706 positum

384 1725 518 1790 ardente
547 1736 655 1791 monte
683 1726 827 1790 Vesuvio
862 1735 894 1790 et
925 1724 988 1791 late
1023 1723 1151 1809 ignibus
1185 1724 1372 1791 abundante
1405 1747 1477 1790 cum
1507 1724 1587 1789 villa
1615 1747 1670 1788 suu

383 1839 492 1894 ustum
521 1828 615 1896 solsol.
648 1829 692 1893 ed
718 1829 807 1894 Pers.
833 1835 893 1895 sut.
917 1833 945 1906 6,
970 1835 998 1894 1.
1045 1827 1151 1910 (Vade
1180 1829 1310 1912 quidum
1338 1850 1450 1894 aoawn
1478 1829 1545 1894 eius
1576 1828 1670 1892 Lateo

382 1932 450 1997 loeo
478 1936 626 2015 corrupto
656 1931 745 1996 Pla.
777 1933 1035 2015 episteme
1064 1934 1220 2016 suspicati
1247 1938 1320 1998 suat
1349 1933 1528 1998 coniectura
1553 1933 1670 1996 irwertu

383 2037 423 2117 ef.
445 2057 525 2118 quae
548 2035 712 2100 adaotneu't
735 2035 835 2118 Keil.)
856 2071 899 2083 -
922 2035 1029 2102 Potest
1050 2036 1133 2102 idme
1160 2055 1223 2102 esse
1253 2036 1290 2102 C.
1314 2036 1448 2102 Caesius
1473 2037 1594 2101 Bassus
1617 2036 1670 2121 qui

384 2159 498 2222 agrum
522 2137 682 2224 quendam
707 2139 740 2202 in
763 2137 883 2204 finibus
905 2137 1149 2204 Tiburtinorum
1172 2139 1366 2204 vendiderat
1387 2139 1447 2206 XI
1450 2139 1481 2204 V
1490 2144 1582 2207 3471.

448 2241 549 2306 Poeta
570 2241 623 2309 eie.
647 2240 756 2305 Persii
769 2262 806 2323 p.
824 2246 863 2305 73
870 2261 880 2319 ;
905 2243 1022 2306 ‘iamne
1045 2240 1117 2327 lyra
1139 2251 1172 2307 et
1191 2244 1306 2307 tetrico
1328 2245 1446 2308 vivunt
1467 2242 1523 2306 tibi
1547 2243 1670 2327 pectine

384 2343 533 2427 chordae,
557 2344 639 2408 mire
661 2343 770 2430 opifex
794 2346 936 2410 numeris
951 2354 1098 2410 veterum
1113 2345 1291 2431 primordia
1305 2367 1422 2410 vocum
1441 2355 1538 2430 atque
1552 2365 1669 2410 marem

383 2451 552 2533 strepitum
576 2446 649 2511 fidis
673 2447 848 2512 intendisse
869 2447 996 2530 latinae,
1022 2471 1096 2512 mox
1115 2449 1250 2513 iuvenes
1271 2450 1394 2532 agitare
1410 2449 1497 2512 iocos
1513 2459 1545 2512 et
1560 2445 1669 2534 pollice

384 2550 518 2616 honesto
542 2551 693 2633 egregins
716 2549 830 2615 lusisse
852 2561 963 2615 senex‘
990 2551 1120 2616 Persius
1142 2556 1202 2619 sut.
1225 2557 1253 2628 6,
1275 2556 1354 2619 2-6.
1393 2551 1428 2618 Si
1452 2551 1523 2638 quis
1546 2551 1669 2616 adicere

384 2653 466 2718 velis
485 2653 565 2736 (scil.
582 2653 744 2730 Horatio),
769 2655 795 2716 is
818 2655 880 2718 erit
898 2653 1033 2719 Caesius
1051 2655 1178 2735 BassuS,
1201 2676 1298 2740 quem
1322 2675 1425 2740 nuper
1444 2654 1594 2738 vidimus,
1617 2652 1669 2719 sed

384 2779 458 2822 oum
480 2757 576 2841 longe
598 2755 798 2842 praecedunt
813 2758 944 2840 ingenia
959 2759 1138 2823 viventium
1158 2758 1346 2838 Quemldioa.
1362 2763 1412 2834 10,
1429 2763 1457 2834 1,
1474 2761 1524 2823 96.
1554 2757 1669 2823 Bassus

383 2861 416 2924 in
439 2861 472 2924 II
494 2859 673 2944 lyricorum
696 2861 815 2924 citatur
838 2859 997 2927 Priscian.
1019 2859 1160 2927 &aarum
1182 2861 1256 2926 Lat.
1273 2861 1454 2944 1113527,
1469 2865 1519 2926 16.

448 2963 538 3028 Idem
560 2964 626 3028 siae
649 2962 745 3028 deebio
768 2967 814 3026 est
835 2963 970 3028 Caesius
999 2963 1120 3028 Bassus
1150 2965 1182 3027 in
1213 2963 1296 3029 libro
1319 2963 1360 3028 de
1388 2963 1500 3028 metris
1523 2963 1669 3028 Victoria.

385 3065 529 3132 Graium.
545 3067 619 3132 Lot.
640 3065 691 3131 VI
702 3088 737 3148 p.
753 3071 828 3142 209,
846 3071 886 3131 10
908 3065 962 3145 (=
978 3066 1063 3133 aaa.
1080 3067 1232 3150 Excerpt.
1257 3066 1328 3132 VII
1339 3089 1374 3150 p.
1390 3071 1460 3143 337,
1476 3070 1530 3153 2);
1552 3067 1670 3132 Bassus

384 3169 423 3234 ad
440 3170 603 3235 Neronem
620 3169 661 3232 de
677 3168 791 3234 iambis
806 3169 944 3252 Rufinus
960 3167 1012 3234 VI
1015 3191 1050 3252 p.
1060 3174 1133 3246 209,
1147 3175 1204 3248 10;
1220 3170 1338 3234 citatur
1353 3179 1521 3255 praeterea
1536 3171 1671 3255 scriptor

384 3274 430 3336 rei
461 3261 616 3336 metricae
645 3293 666 3335 a
694 3270 848 3336 Diomede
869 3272 894 3336 I
912 3276 1041 3354 aare,
1065 3277 1112 3349 16,
1142 3257 1329 3338 Terent-icae
1360 3271 1411 3336 VI
1426 3293 1463 3354 p.
1485 3275 1556 3358 395,
1579 3274 1669 3346 2358,

383 3374 504 3458 Rae-fiae
527 3373 577 3438 VI
587 3396 623 3456 p.
639 3377 708 3450 565,
724 3377 754 3441 3,
796 3375 962 3440 Tribaitar
985 3376 1015 3440 ei
1038 3397 1059 3439 a
1080 3376 1306 3440 recentiorebus
1329 3376 1409 3440 liber
1431 3375 1468 3440 de
1489 3376 1599 3440 aratris
1619 3373 1673 3457 qai

384 3481 470 3541 salut
490 3474 633 3540 Graecari.
657 3476 731 3540 Lot.
756 3475 807 3541 VI
818 3499 854 3559 p.
870 3481 933 3542 255
947 3496 1011 3560 sqq.
1034 3478 1075 3558 ef.
1092 3477 1170 3544 Keal
1190 3478 1255 3542 abd.
1272 3500 1308 3561 p.
1326 3483 1402 3543 252.

322 3582 383 3645 150
406 3587 561 3642 CAESIVS
585 3586 739 3662 CORDVS,
763 3578 935 3664 proconsul
953 3580 1070 3646 Cretae
1089 3579 1340 3666 repetundarum
1364 3579 1474 3644 addito
1497 3579 1672 3644 maiestatis

384 3683 517 3746 crimine
547 3703 576 3745 a.
598 3683 636 3746 21
665 3679 707 3746 ab
729 3681 894 3747 Anchario
925 3684 1037 3748 Prisco
1068 3683 1265 3768 postulatus,
1296 3705 1324 3747 a.
1348 3685 1389 3747 22
1419 3681 1671 3769 repetundarum

383 3785 554 3850 damnatus
578 3793 626 3849 cst
652 3784 724 3851 Tac.
743 3807 773 3849 a.
789 3789 819 3862 3,
834 3789 885 3850 38.
907 3791 955 3850 70.

328 3925 372 3934 --
405 3898 453 3952 Tl.
477 3896 608 3951 CATIVS
633 3897 787 3952 CAESIVS
811 3897 972 3954 FRONTO.

321 3991 379 4057 151
404 4002 438 4054 A.
457 3999 611 4053 CAESIVS
628 3999 784 4074 GALLVS,
808 3991 921 4055 aedilis
938 3990 1040 4076 plebis
1056 3990 1202 4074 Cerialis,
1222 4001 1361 4078 praetor,
1379 3989 1497 4054 flamen
1511 3989 1671 4073 Augusta-

383 4092 432 4175 lis,
456 4102 611 4178 patronus
635 4092 780 4157 coloniae
811 4094 978 4176 (iocatum
1000 4094 1102 4176 euius)
1124 4093 1184 4160 XI
1188 4094 1217 4158 V
1231 4097 1315 4158 3590
1345 4092 1472 4186 titulus,
1503 4094 1557 4156 eui
1586 4093 1672 4174 oripo

387 4197 558 4261 Tiburtina
579 4195 663 4278 falso
687 4195 850 4280 adscripto
873 4217 937 4262 esso
959 4197 1081 4261 uallatur
1108 4199 1148 4280 ef.
1172 4218 1251 4279 quoe
1274 4195 1438 4261 delectavit
1459 4194 1586 4260 Dessuu
1609 4195 1630 4260 l.
1652 4193 1671 4259 1.

329 4337 372 4345 -
405 4299 441 4365 C.
466 4298 622 4364 Octavius
642 4299 773 4364 Pudens
797 4298 932 4365 Caesius
955 4299 1153 4364 Honoratus.

323 4405 381 4468 152
406 4402 539 4468 Caesius
562 4402 710 4485 Longus,
743 4403 875 4472 maritus
905 4402 1049 4468 Liciniae
1071 4401 1122 4467 VI
1138 4407 1221 4468 1442
1244 4407 1265 4466 t.
1288 4401 1433 4478 mastalus,
1460 4401 1517 4465 ebt
1544 4401 1673 4468 dubium

383 4509 427 4568 est
453 4525 495 4568 aa
517 4505 615 4586 suerit
637 4505 672 4569 ia
694 4504 800 4588 lupide
823 4504 981 4588 nousdrul.

322 4609 382 4673 153
406 4606 446 4686 Q.
470 4607 606 4671 Caesius
637 4607 802 4672 Macrinus
831 4609 908 4672 fana
936 4609 977 4673 ab
1000 4607 1037 4675 C.
1064 4608 1160 4673 Vibio
1184 4609 1272 4673 Varo
1301 4617 1393 4693 patre
1423 4605 1573 4671 inchoata
1602 4630 1672 4694 per-

383 4711 460 4774 fecit
482 4720 514 4775 et
536 4709 699 4776 dedicavit
720 4711 860 4793 Roeipai
878 4711 989 4778 V308.
1010 4715 1082 4776 309.

323 4814 383 4878 154
407 4823 440 4877 L.
463 4821 617 4878 CAESIVS
641 4822 857 4898 MARTIALIS,
887 4813 998 4878 consul
1028 4815 1195 4896 (suffectus
1226 4813 1367 4879 seeundo
1396 4814 1556 4896 semestri)
1580 4837 1609 4879 a.
1632 4813 1671 4878 57

383 4936 456 4978 cum
478 4915 607 4981 Nerone
629 4917 672 4984 11.
707 4915 895 4982 desecatae
916 4921 1109 4982 accusaretur·
1130 4919 1165 4982 o'a
1187 4917 1305 4982 tubulis
1331 4918 1447 4982 ematis
1469 4915 1673 4998 Pompeianis
