3826 5610
307 292 447 349 numus
561 313 564 324 ·
964 283 1006 350 74
1541 289 1663 348 sunm

436 487 542 553 Natus
565 497 613 552 est
635 510 664 552 a.
691 489 752 554 163
773 487 842 570 (pai
862 508 1025 553 annasse
1048 492 1184 572 tempore
1204 489 1316 553 mor-tis
1330 489 1492 573 366663).
1531 489 1665 556 Petente

372 591 412 658 L.
434 591 522 657 Vero
545 591 733 656 exoriente
762 611 909 672 reverso,
943 600 979 656 ut
1008 588 1065 655 filii
1087 589 1191 656 Marci
1214 589 1371 656 Caesares
1401 589 1666 678 nuncuparentur

371 695 425 761 cit.
449 693 563 758 Marci
583 697 636 770 12,
658 695 689 770 8,
712 691 910 760 Commodus
937 702 969 758 et
990 694 1097 759 Verus
1120 691 1215 758 simul
1237 693 1393 761 Caesares
1415 693 1568 781 appellati
1590 706 1666 760 sunt

374 796 428 860 dio
451 798 491 862 12
513 817 556 860 m.
579 794 731 862 Octobris
750 818 780 860 a.
805 795 867 860 166
883 797 938 860 ait.
959 795 1077 864 Comm.
1092 801 1122 874 1,
1145 800 1203 874 16;
1224 801 1273 873 11,
1296 801 1336 861 13
1357 797 1399 878 of.
1420 816 1538 863 mmm.
1575 797 1664 862 Dum

374 899 506 964 Marcus
534 897 578 963 ad
606 895 726 964 bellum
757 897 1032 964 Marcomanicum
1061 899 1222 984 proficisci
1252 909 1362 986 parat,
1393 898 1457 966 sub
1485 899 1564 985 ipsis
1592 921 1664 987 pro·

374 1002 524 1068 fectionis
547 1000 663 1066 diebus
685 1003 728 1084 (a
754 1002 829 1086 169)
858 1005 892 1067 in
915 1023 1042 1067 secessu
1064 1002 1275 1068 Praenestino
1297 1023 1398 1087 agens
1419 1001 1520 1068 lilium
1543 1001 1665 1069 Verum

375 1104 548 1172 Caesarem
571 1114 701 1170 exsecto
722 1104 784 1171 sub
802 1125 881 1170 aare
903 1105 1017 1171 tubere
1038 1115 1225 1192 septennem
1246 1106 1364 1188 amisit,
1387 1127 1482 1192 quem
1505 1126 1570 1170 nou
1591 1104 1666 1192 plus

375 1211 521 1296 quinque
541 1206 656 1273 diebus
678 1207 764 1273 luxit
785 1209 951 1294 iussitque,
976 1218 1012 1272 ut
1034 1217 1159 1274 statuae
1176 1206 1242 1273 filio
1264 1218 1391 1274 mortuo
1413 1207 1665 1274 decernerentur

375 1322 407 1376 et
429 1312 535 1394 imago
554 1333 653 1376 aurea
674 1310 874 1377 circensibus
896 1332 954 1396 per
976 1332 1125 1397 pompam
1142 1310 1285 1396 ferenda,
1308 1322 1342 1377 et
1355 1321 1392 1376 ut
1404 1310 1514 1376 saliari
1530 1309 1663 1375 carmini

373 1435 491 1478 nomen
513 1414 583 1478 eius
605 1415 803 1478 insereretur
822 1413 877 1482 vit.
902 1413 1014 1478 Marci
1034 1419 1088 1490 21,
1109 1417 1186 1480 8-5.

313 1518 376 1583 639
399 1517 475 1584 Sex.
499 1515 627 1582 Annius
649 1516 765 1600 Verus,
789 1515 827 1582 C.
850 1517 871 1582 l.
890 1515 971 1582 XII
986 1521 1048 1583 566
1070 1521 1091 1586 t.
1112 1517 1217 1601 Aquis
1240 1515 1361 1583 sartis
1376 1517 1511 1600 poeitae.

310 1621 374 1686 546
396 1628 538 1684 ANNIVS
554 1628 772 1684 VINICIANVS
789 1619 966 1701 (Vinianus
980 1619 1110 1684 Annius
1128 1620 1225 1686 codex
1241 1617 1405 1684 Medieeas
1424 1618 1536 1695 Taciti,
1550 1615 1666 1688 'Arctos

366 1719 464 1801 ’1)13),
487 1721 576 1805 filias
597 1727 634 1787 ai
654 1721 779 1787 uidetur
801 1723 841 1787 L.
864 1722 968 1788 Annii
990 1722 1165 1801 1766134664,
1188 1743 1289 1806 gener
1312 1722 1450 1787 Domitii
1473 1719 1666 1787 Corbulonis

374 1823 518 1889 nondum
539 1826 702 1889 senatoria
727 1835 842 1907 aetate,
873 1823 929 1889 sed
961 1845 1021 1911 pro
1050 1825 1157 1908 legato
1183 1825 1316 1910 quintae
1345 1821 1465 1908 legioni
1496 1824 1667 1909 impositus

375 1949 404 1994 a.
427 1927 469 1992 63
495 1927 571 1992 Tar.
593 1948 624 1992 a.
647 1931 696 2005 15,
720 1931 780 2004 28,
801 1925 868 1992 Dio
889 1932 941 2005 62,
964 1932 1017 1995 23.
1071 1928 1166 1993 Anno
1189 1928 1230 1992 65
1261 1926 1404 1992 Corbulo
1435 1947 1509 1992 oum
1531 1927 1666 1992 Romam

374 2029 463 2094 misit
483 2030 608 2116 specie,
632 2039 669 2095 ut
690 2028 870 2096 Tiridatem
892 2031 926 2095 in
949 2030 1064 2096 urbem
1083 2028 1267 2112 deduceret,
1290 2051 1327 2094 re
1348 2048 1429 2094 vora
1457 2037 1495 2094 ut
1521 2026 1665 2093 obsidem

376 2131 563 2216 fideisua03
585 2131 761 2197 Neronum
784 2142 859 2198 ante
881 2143 1068 2219 praeturam
1090 2132 1252 2197 consulem
1277 2131 1354 2196 fecit
1371 2130 1440 2197 Dio
1453 2129 1474 2196 l.
1491 2130 1511 2196 l.
1550 2128 1668 2196 aaran

375 2233 526 2314 suffectae
548 2257 579 2299 3.
595 2238 635 2299 66
655 2233 703 2300 ael
722 2239 771 2301 67.
808 2234 865 2298 Aa
885 2255 955 2300 eam
970 2235 1133 2318 pertinere
1153 2233 1277 2298 ridetur
1299 2235 1480 2298 coniuratio
1495 2233 1668 2298 Viniciana

375 2339 535 2423 posterior
558 2337 733 2402 Pisoniana
752 2337 929 2402 Beneventi
954 2338 1092 2404 conflata
1113 2347 1212 2424 atque
1233 2335 1362 2402 detecta
1378 2336 1507 2402 Sueten.
1525 2335 1613 2400 Nero
1627 2339 1668 2399 36

376 2440 417 2523 cs.
440 2440 580 2515 Hersen,
602 2439 689 2504 Aeta
711 2439 870 2506 arentiam
884 2463 922 2524 p.
938 2445 1008 2507 116.

312 2545 372 2609 641
398 2552 431 2607 L.
454 2550 595 2606 ANNIVS
617 2551 836 2608 VINIGIANVS
858 2549 1052 2609 narrantia
1080 2544 1115 2608 ia
1144 2543 1223 2608 6363
1245 2541 1416 2607 Arvalium
1446 2541 1527 2606 anai
1544 2544 1586 2606 38
1615 2539 1666 2605 VI

375 2648 466 2711 2628
483 2645 530 2728 (1)
557 2649 587 2708 et
612 2645 691 2710 anni
710 2649 752 2710 46
779 2644 831 2710 VI
844 2649 930 2712 2636
952 2645 999 2730 (2)
1026 2666 1107 2710 corr.
1130 2644 1264 2728 Epirota.
1287 2665 1335 2729 ep.
1357 2647 1430 2727 Bp.
1445 2647 1518 2710 324.
1563 2641 1668 2708 Pleno

375 2748 506 2812 nomina
524 2751 633 2811 extant
654 2748 688 2811 in
711 2751 732 2812 t.
750 2753 779 2825 1,
803 2747 839 2812 ia
861 2748 1010 2814 tabala2
1031 2752 1140 2812 extant
1163 2749 1340 2812 ...nnius
1360 2747 1553 2811 Vinicianus
1573 2749 1667 2821 617,

379 2850 590 2915 ...nicianus
604 2871 633 2914 3.
654 2855 673 2914 1
675 2899 771 2927 .....
785 2852 899 2915 cianus
914 2871 942 2916 v.
957 2855 1001 2916 26
1007 2871 1017 2930 ;
1035 2850 1163 2915 Annine
1178 2849 1371 2916 Vinicianus
1387 2848 1462 2927 Dio,
1479 2849 1668 2914 Vinicianus

383 2953 521 3030 tacita,
542 2949 657 3023 ”Anates
679 2951 874 3024 Μινουκιανός
893 2973 1000 3018 erroro
1023 2951 1185 3035 Iosephus.

439 3053 543 3120 Filius
559 3053 661 3120 Annii
681 3054 854 3138 Pollionis3
876 3077 961 3120 anno
982 3059 1022 3120 32
1045 3065 1138 3142 pater
1159 3053 1310 3140 filiusque
1334 3053 1423 3120 ‘clari
1445 3057 1549 3137 genus
1571 3063 1668 3140 atque

377 3157 461 3223 idem
482 3160 613 3222 summis
632 3157 822 3223 honoribus’
841 3158 897 3239 (=
912 3158 1107 3241 consulares)
1129 3159 1306 3222 maiestatis
1328 3156 1481 3242 postulati
1505 3167 1588 3240 sunt,
1612 3155 1668 3220 scd

375 3259 528 3324 Tiberius
554 3259 680 3326 distulit
702 3283 830 3326 causam
858 3261 932 3329 Tac.
956 3281 986 3325 6.
1009 3266 1039 3339 6,
1063 3266 1093 3327 9.
1146 3260 1264 3326 Caracal
1285 3261 1386 3343 ipitar
1409 3258 1559 3339 suffectae
1585 3279 1668 3324 3663

375 3364 495 3426 incerto
517 3367 590 3428 anie
612 3383 642 3427 3.
665 3367 719 3429 32.
764 3361 860 3428 Anno
882 3364 924 3429 39
953 3363 1055 3429 frater
1080 3363 1211 3429 Arvalis
1240 3373 1408 3453 cooptatus
1438 3368 1460 3427 t.
1484 3367 1504 3427 1
1534 3359 1666 3445 collegio

376 3463 481 3530 adluit
494 3487 523 3529 a.
534 3465 577 3530 40
593 3470 614 3529 t.
629 3470 662 3532 2.
686 3464 770 3531 Cum
785 3464 898 3531 Cassio
914 3464 1061 3532 Chaerea
1075 3465 1213 3552 aliisque
1228 3465 1484 3531 coniurationem
1498 3465 1534 3528 in
1550 3465 1667 3531 Gaium

376 3568 605 3652 imperatorem
626 3569 701 3633 iniit
721 3568 845 3651 Iosepb.
867 3572 998 3645 aat.19‚
1020 3574 1051 3646 1,
1072 3573 1102 3634 3.
1125 3574 1155 3635 9.
1179 3573 1229 3633 13.
1252 3573 1310 3647 19;
1340 3573 1390 3646 19,
1416 3573 1445 3645 4,
1468 3571 1498 3632 3.
1535 3566 1614 3632 Fuit
1635 3567 1665 3628 in

376 3690 510 3735 numero
526 3691 639 3735 eorum
654 3671 709 3756 qui
725 3679 797 3755 post
812 3691 925 3735 necem
941 3670 1005 3736 Gai
1020 3671 1154 3757 imperio
1170 3671 1261 3754 digni
1278 3670 1379 3735 habiti
1396 3681 1472 3735 sunt
1483 3668 1550 3735 Dio
1560 3671 1666 3746 60,15.

376 3771 472 3837 Anno
488 3773 530 3838 42
546 3771 719 3838 Camillum
735 3771 986 3839 Scribonianum
1000 3773 1043 3838 ad
1059 3773 1272 3838 defectionem
1289 3772 1425 3859 impulit,
1450 3781 1482 3836 et
1497 3781 1667 3858 postquam

377 3897 428 3939 res
450 3897 543 3940 secus
564 3877 668 3958 cessit,
691 3877 761 3962 ipse
784 3898 818 3942 se
841 3878 1004 3941 interemit
1026 3874 1092 3941 Dio
1115 3875 1135 3941 l.
1160 3875 1179 3941 l.
1204 3875 1337 3959 (Zonar.
1353 3881 1400 3958 11,
1418 3879 1460 3959 9).

323 4015 366 4024 -
399 3976 459 4043 Cn.
483 3978 646 4043 Domitius
669 3978 797 4043 Annius
818 3976 990 4064 leianus.

313 4082 376 4146 542
399 4079 509 4147 Annia
544 4079 711 4162 (incertam
746 4079 835 4144 caiae
873 4079 1000 4161 336363)
1033 4077 1133 4143 vidua
1172 4076 1265 4144 alteri
1303 4081 1374 4144 viro
1409 4076 1532 4144 nubere
1566 4076 1669 4143 noluit

378 4183 500 4248 Seneca
522 4183 565 4263 fr.
590 4186 629 4247 75
643 4182 688 4248 Η.

313 4287 376 4350 643
400 4285 517 4367 Annia,
543 4282 693 4366 edictum,
710 4284 798 4369 quod
813 4282 984 4348 dicebatur
998 4283 1140 4368 Augusti
1159 4282 1201 4348 ad
1218 4283 1360 4350 Anniam
1376 4283 1542 4370 pertinens
1557 4303 1668 4348 mano-

376 4392 471 4452 ratar
493 4385 581 4453 Ptin.
606 4386 650 4452 ad
674 4385 809 4451 Troica.
833 4390 881 4464 65,
904 4391 934 4451 3.

313 4491 376 4555 544
398 4497 518 4552 ANNIA
535 4496 791 4570 stanneam,
816 4485 1006 4571 [clarissima
1022 4485 1162 4570 femina]⁷
1185 4487 1329 4551 coniunx
1342 4486 1382 4550 L.
1399 4485 1478 4551 Steii
1493 4486 1667 4553 Aemiliani

376 4591 440 4654 viri
463 4588 633 4654 clarissimi
656 4590 707 4656 VI
716 4593 807 4656 1341.

314 4693 375 4758 545
398 4700 509 4755 APPIA
531 4699 651 4756 ANNIA
665 4701 796 4756 ATILIA
810 4700 978 4756 RECILLA
991 4701 1170 4755 ELPINICE
1185 4699 1390 4755 AGRIPPINA
1405 4699 1521 4754 ATRIA
1537 4698 1668 4754 POLLA.

381 4794 497 4859 Tituli:
512 4793 641 4876 publice
663 4796 704 4862 ab
719 4795 813 4861 Eleis
835 4795 1005 4878 eipositao
1030 4797 1051 4859 t.
1074 4793 1254 4878 Olympicus
1273 4794 1308 4858 ia
1331 4791 1448 4859 caedra
1467 4792 1515 4858 Ti.
1536 4791 1671 4858 Claudii

378 4896 518 4962 Herodis
532 4895 798 4981 Arabaelopisele
813 4896 949 4979 Zeitanp
966 4899 1050 4961 1878
1064 4918 1101 4980 p.
1116 4899 1158 4963 96
1177 4917 1211 4962 a.
1226 4899 1290 4962 152
1304 4895 1359 4980 (1),
1382 4895 1570 4978 sepulcralia
1589 4894 1669 4961 CIA
