3818 5620
237 266 486 322 ARTAVASDES
891 258 949 322 151
1349 266 1597 322 ARTAVASDES

302 486 408 550 neque
437 463 549 528 liberie
578 463 649 528 eius
675 460 806 544 (seilicet
832 463 967 545 Tiprani
987 463 1055 529 III
1070 467 1100 528 et
1121 463 1226 529 Erato
1252 462 1370 545 sorore)
1400 485 1597 551 quamquam

303 569 431 631 eoeiatie
460 588 550 630 more
580 576 714 631 externo
746 566 779 629 in
806 567 1048 630 matrimonium
1081 587 1284 653 regnumque
1317 564 1506 632 diuturnum
1540 568 1597 632 im·

304 673 428 755 perIum
452 669 525 734 fuir
552 668 628 734 Tae.
645 690 675 733 a.
691 673 723 747 2,
739 673 770 744 3,
794 669 834 750 es.
851 667 918 734 Dio
940 671 989 746 55,
1008 673 1074 745 9,4
1096 671 1148 755 τὴν
1173 666 1325 755 Ἀρμηνίαν
1348 668 1597 757 ἀλλοτρτοομένην

303 772 373 853 (nbi
401 772 518 838 laeana
547 772 688 838 eodieam
718 793 756 838 ea
778 772 912 837 Zonara
933 776 985 850 10,
1006 776 1047 838 35
1064 794 1101 856 p.
1116 777 1186 856 447,
1210 778 1230 837 1
1252 771 1402 855 Dindors
1422 773 1599 857 supplenda

303 874 376 952 est:)
407 875 482 960 μετὰ
510 877 559 940 τὸν
589 880 640 940 τοῦ
662 873 807 962 Τιγράνου
830 877 968 941 θάνατον.
1015 875 1114 939 ‘Dein
1145 877 1235 940 iussu
1256 873 1399 959 Augusti
1428 875 1597 962 impositus

303 978 480 1062 (Armeniis
493 976 562 1060 rea)
577 975 778 1042 Artavasdes
802 987 834 1042 et
857 999 920 1041 non
944 978 1014 1042 eine
1035 975 1126 1042 clade
1142 986 1253 1042 nostra
1269 977 1426 1043 deiectue'
1449 978 1522 1043 Tae.
1538 978 1560 1043 l.
1575 977 1596 1048 l.

304 1080 385 1146 Fuit
412 1080 479 1158 bie,
509 1085 546 1146 ul
574 1079 757 1164 Nipperdey
788 1079 832 1145 ad
864 1081 937 1147 Tae.
968 1079 988 1147 l.
1019 1079 1039 1144 l.
1063 1079 1280 1163 probabiliter
1311 1081 1458 1158 oonieeit,
1492 1081 1597 1163 frater

302 1184 450 1249 Arlasae
472 1187 502 1249 et
527 1183 680 1266 Tiaranis
702 1183 756 1268 (es.
779 1182 846 1248 Dio
867 1188 917 1261 51,
941 1181 1002 1267 16),
1032 1183 1120 1268 filius
1141 1181 1336 1248 Artavasdis
1358 1182 1442 1268 repis
1464 1184 1504 1248 ab
1526 1182 1596 1250 An·

305 1289 388 1352 tenio
404 1289 509 1369 eapti;
531 1307 601 1352 enm
616 1291 692 1370 post
714 1292 844 1351 mortem
863 1287 1014 1368 Tipranis
1031 1286 1077 1351 ΙΙ
1093 1287 1258 1370 dneertam
1281 1306 1340 1368 qao
1362 1307 1446 1352 anno
1467 1287 1596 1370 mortar)

305 1389 398 1454 liberi
426 1391 493 1455 eins
522 1389 566 1454 ad
594 1388 733 1455 Partbos
767 1390 915 1454 inclinati
950 1388 1005 1473 (es.
1038 1386 1157 1455 Dionis
1187 1389 1285 1454 eaba
1316 1409 1417 1474 supra
1449 1387 1595 1473 laudata)

303 1496 479 1576 reynarent,
502 1490 700 1556 Artavasdes
722 1496 833 1557 eontra
854 1512 906 1558 eos
926 1513 984 1556 rea
1005 1493 1193 1557 castitates
1206 1491 1322 1576 pulsas
1344 1496 1389 1557 est
1412 1489 1487 1576 (qna
1502 1491 1596 1558 dere

304 1595 404 1660 tacuit
428 1594 593 1677 Anpmlns
619 1594 655 1656 in
678 1592 885 1660 Monumento
906 1593 1081 1678 Aneyrano
1104 1615 1129 1662 e.
1149 1597 1217 1679 279.
1260 1594 1357 1659 Anno
1380 1594 1447 1659 fero
1471 1595 1531 1660 751
1553 1623 1595 1648 =

303 1700 323 1764 3
339 1722 367 1764 a
384 1697 421 1764 C.
437 1701 479 1769 ὡς
492 1696 636 1763 ἐπύθοντο
652 1699 679 1763 οἱ
695 1699 837 1786 βάρβαροι
859 1700 911 1783 τὴν
934 1695 1135 1786 ἐπιστρατείαν
1158 1703 1210 1764 τοῦ
1232 1697 1323 1764 Γαίου
1339 1735 1378 1744 -
1396 1735 1436 1744 -
1451 1697 1597 1786 Τιγράνης

304 1802 392 1874 εὐθὺς
414 1804 467 1887 μὲν
489 1801 542 1866 οὐκ
564 1800 791 1887 ἐπρεσβεύσατο,
814 1807 866 1868 τοῦ
882 1803 914 1866 δὲ
930 1797 1109 1889 Ἀρταβάζου
1124 1801 1202 1889 νόσῳ
1225 1803 1345 1888 ὕστερον
1367 1804 1597 1888 τελευτήσαντος

305 1907 388 1990 δῶρά
407 1930 440 1970 τε
463 1913 507 1993 τῷ
526 1901 686 1991 Αὐγούστῳ
709 1903 825 1992 ἔπεμψε
850 1909 913 1970 κτλ.
939 1905 1153 1986 frapmenlmn
1180 1903 1386 1970 Vrsinianmm
1410 1903 1529 1972 Dionis
1549 1905 1595 1973 ed.

303 2007 403 2074 Dind.
429 2005 506 2091 Vp.
520 2011 592 2073 237.
638 2007 791 2072 Mortuus
812 2006 914 2090 r'pitur
933 2007 991 2072 sab
1014 2028 1045 2072 a.
1064 2011 1132 2072 753.

366 2109 423 2174 Ad
443 2107 525 2176 bane
539 2109 756 2193 probabiliter
775 2109 899 2176 rettulit
919 2109 1070 2176 Gardner
1093 2108 1307 2176 Nnmrsmatie
1329 2107 1493 2176 Cironiele
1511 2113 1597 2178 1872

306 2235 342 2296 p.
365 2217 429 2278 313
450 2235 515 2297 sqq.
538 2233 699 2279 nummum
721 2219 919 2298 arperteum,
944 2215 999 2296 qai
1021 2215 1057 2278 in
1078 2217 1176 2297 parte
1198 2213 1332 2280 advema
1357 2213 1481 2280 abiba
1501 2219 1598 2300 capnt

302 2317 387 2400 repis
416 2317 632 2382 diadematum
660 2337 729 2381 enm
758 2317 963 2400 inscriptione
991 2315 1148 2390 Βασιλέως
1169 2315 1313 2404 Μεγάλου
1335 2313 1540 2404 Ἀρταοάσδοο,
1561 2317 1597 2384 in

304 2441 416 2485 aversa
438 2425 534 2504 eaput
554 2420 695 2503 Ampusti
716 2419 794 2486 Θεοῦ
818 2418 967 2508 Καίσαρος
989 2419 1164 2508 Εὐεργέτου.

234 2523 301 2589 957
324 2522 531 2606 Artavasdes,
555 2547 616 2588 rex
629 2521 805 2588 Armeniae
819 2532 851 2588 et
864 2523 1002 2590 Mediae.
1039 2523 1216 2589 Artavasdi
1233 2524 1474 2590 Monumentum
1488 2523 1595 2610 Aney-

301 2647 417 2691 raman
437 2625 492 2691 lat.
507 2629 536 2704 5,
553 2630 593 2690 30
616 2655 658 2678 =
680 2623 877 2714 Ἀρταουάσδῃ
901 2625 971 2709 (sie)
992 2647 1096 2710 praee.
1113 2631 1236 2706 15,11;
1257 2625 1431 2715 Ἀρτάβαζος
1452 2626 1531 2692 Dio.

367 2727 470 2793 Filius
493 2727 707 2794 Ariobarzani
738 2732 824 2813 regie
847 2728 1017 2794 Medorum
1048 2738 1080 2794 et
1101 2730 1350 2809 Armeniorum,
1377 2750 1478 2816 nepos
1498 2727 1595 2796 Aria·

305 2831 412 2896 raedis
435 2832 490 2916 (ef.
505 2852 537 2896 n.
551 2835 624 2916 955)
647 2841 876 2917 postmortem
898 2833 1000 2918 patris
1022 2831 1063 2898 ab
1086 2831 1236 2917 Augusto
1259 2843 1434 2919 utrumque
1457 2852 1594 2916 regnum

302 2936 428 3020 aceepit
444 2933 589 2999 Monam.
605 2932 725 3018 Aneyr.
742 2933 762 2999 l.
778 2933 809 3011 l.,
832 2933 1036 3013 Di055,10,·
1057 2934 1247 3000 interfectus
1268 2936 1338 3020 (sub
1356 2936 1451 3019 finem
1468 2935 1596 3020 imperii

303 3035 456 3120 Armate)
473 3036 616 3103 Monam.
632 3035 752 3118 Anepr.
768 3036 810 3118 es.
829 3035 903 3102 Tae.
919 3057 950 3102 a.
965 3041 997 3115 2,
1014 3041 1035 3102 4
1052 3035 1238 3121 ‘(Armenii)
1255 3037 1476 3104 Ariobarzane
1491 3049 1594 3105 morte

303 3141 438 3206 fortuita
459 3139 633 3225 absumpto
656 3140 790 3226 stirpem
812 3141 882 3204 eius
905 3138 993 3204 haud
1017 3138 1222 3205 toleravere'.

237 3245 301 3312 958
325 3242 525 3309 Artabasdes
547 3245 606 3328 (sie
626 3241 789 3324 traditur),
818 3264 879 3308 rex
899 3242 1130 3308 Armeniorum
1159 3241 1326 3326 epistulam
1348 3241 1386 3308 de
1408 3243 1595 3327 captivitate

303 3348 506 3430 imperatoris
536 3345 702 3412 Valeriani
732 3345 853 3428 (fiotum
881 3367 903 3410 a
928 3344 1084 3412 Trebellio
1104 3343 1261 3429 Pollione)
1290 3345 1454 3429 scripsisse
1476 3344 1594 3412 dieitur

301 3452 355 3518 eit.
379 3449 545 3514 Valeriani
564 3451 593 3513 3.

236 3554 301 3620 959
324 3551 372 3637 [Ο.
394 3551 510 3636 Iulius]
532 3548 740 3618 Anabasdee.
790 3548 913 3615 Titulus
939 3550 1006 3615 eins
1026 3549 1213 3633 sepulcralis
1235 3551 1261 3615 I
1261 3549 1316 3617 a]
1333 3555 1415 3618 1674
1442 3551 1594 3636 ballaenis

303 3656 446 3720 urbanus
461 3655 563 3734 (euim
579 3653 747 3738 particula
767 3657 862 3718 antea
884 3652 936 3718 VI
946 3657 1029 3718 1798
1043 3653 1128 3718 edita
1144 3652 1219 3735 est).·
1240 3653 1340 3737 [Γάιος
1356 3652 1489 3738 Ἰοο]λιος
1503 3656 1594 3724 Γαίου

303 3758 429 3846 (badia)
454 3755 675 3846 [Ἀρταβαίσὸη]ς
704 3753 900 3844 Ἀρταβάσδοο
932 3803 1025 3822 .....
1054 3755 1146 3840 [ὑ]ι6ς,
1178 3757 1324 3843 βασιλέως
1348 3755 1594 3847 [Ἀριοβαρζάν]ου

303 3861 416 3940 υἱωνός,
434 3862 477 3945 [ὃς
492 3860 609 3946 {inulae
625 3860 801 3944 ἐνταοτ(οός)
818 3857 876 3938 m',
889 3857 936 3944 [C.
952 3858 1055 3925 Iulius
1071 3857 1140 3926 (ii.
1157 3858 1250 3944 Fau]
1263 3856 1471 3944 Artabasdee,
1489 3862 1593 3945 [Arta-

303 3964 412 4030 basdie
432 3963 538 4047 fililus,
561 3965 647 4047 regis
662 3962 893 4028 Ariobarzanis
913 3963 1034 4049 [nepae
1059 3963 1116 4049 qui
1138 3962 1234 4046 vixi]t
1255 3984 1356 4027 armoe
1379 3962 1592 4032 XXXVIIII.

301 4067 392 4150 Quod
405 4065 531 4131 verbam
547 4070 622 4149 post
637 4063 833 4153 Ἀρταβοίσδοο
849 4065 1009 4144 reciderit,
1025 4086 1089 4131 non
1111 4065 1223 4147 lipari·
1245 4069 1327 4130 uerte
1347 4085 1412 4130 non
1432 4066 1497 4147 snit
1515 4067 1594 4154 βασι-

305 4170 390 4246 λέως,
406 4167 490 4251 quod
496 4169 649 4251 postponi
662 4189 726 4233 nan
734 4169 852 4252 poluit.
886 4169 999 4250 Itaque
1013 4168 1064 4232 bie
1077 4168 1134 4250 qui
1147 4167 1270 4232 Romae
1286 4167 1364 4233 obiit
1381 4169 1438 4234 sub
1461 4168 1594 4252 imperio

302 4272 442 4356 Anpusti
461 4272 510 4336 ael
535 4271 665 4348 Tiberii,
694 4291 826 4353 quornm
848 4275 984 4336 aetatem
1006 4270 1130 4336 litterae
1152 4269 1239 4335 titali
1258 4269 1412 4348 indicant,
1442 4272 1506 4352 snit
1521 4273 1594 4354 pri·

301 4377 369 4440 vati
395 4375 531 4440 bominis
562 4373 664 4458 itlius,
698 4392 793 4456 nepos
821 4371 1058 4440 Ariobarzanis
1089 4373 1173 4456 repis
1201 4371 1333 4437 Mediae
1362 4376 1391 4436 et
1419 4371 1594 4440 Armeniae

303 4479 358 4562 (es.
381 4478 413 4542 A
434 4477 517 4560 857),
547 4481 584 4541 nt
611 4475 809 4541 pidelan-
840 4475 964 4541 Nomen
990 4475 1184 4560 pentilieinm
1211 4495 1250 4540 ee
1269 4479 1347 4540 nota
1369 4474 1457 4540 illius
1479 4478 1594 4544 aetates

303 4579 524 4646 emanatadine
552 4579 740 4656 restituitur,
770 4599 834 4661 qua
862 4580 914 4643 usi
934 4580 1099 4662 principes
1129 4578 1340 4643 barbarorum
1375 4578 1415 4642 ab
1449 4577 1593 4663 Aapasto

303 4683 430 4748 civitate
454 4682 566 4748 donati
592 4683 723 4748 nemina
750 4683 875 4747 ratione
904 4703 1039 4748 romana
1063 4683 1255 4763 formamini,
1285 4681 1327 4762 ef.
1349 4679 1446 4745 aelati
1472 4679 1593 4746 Iuliam

301 4785 555 4852 Ariobarzanem
570 4783 705 4851 eiusdem
720 4785 831 4869 stirpis
844 4784 878 4849 A
892 4789 985 4852 857α.
1022 4783 1064 4848 Id
1075 4785 1160 4866 qaod
1179 4785 1215 4847 in
1229 4787 1337 4848 nostro
1353 4782 1440 4848 tribu
1453 4781 1595 4867 Aapasti

302 4888 407 4955 Fabia
427 4889 644 4972 confirmatur.
