3732 5630
327 269 485 324 CAELIVS
1510 269 1675 344 *CAELIVS

389 490 418 532 a.
439 467 502 531 213
525 487 598 530 curn
626 465 817 550 imperatore
838 464 1005 530 Antonino
1027 465 1095 530 IllI
1118 466 1211 547 sesti·
1236 464 1268 536 ἐς
1290 466 1428 552 δευτέραν
1451 467 1590 531 ὑπατείαν
1613 467 1677 552 ἐλη-

389 573 492 640 laide
506 567 683 634 Herodian.
700 566 768 644 λλ,
786 566 965 632 consularis
979 570 1032 632 eit.
1051 569 1144 635 Mae.
1161 573 1190 632 et
1204 567 1300 635 Balb.
1316 573 1346 645 1,
1357 572 1390 645 2,
1412 567 1569 636 Gordian.
1581 573 1635 645 22,
1647 571 1675 634 1.

389 670 508 738 Ἠὓνῶν
535 675 724 756 ἡγησάμενος
754 670 917 756 ἀμέμπτως
939 671 1115 737 Herodian.
1139 670 1159 738 l.
1182 670 1213 748 t,
1245 691 1324 753 quas
1349 673 1534 754 provincius
1562 672 1676 736 rexerit

390 775 555 840 nescimus.
598 773 704 840 Salius
728 772 895 838 Palatinus
920 783 1087 860 cooptatus
1110 773 1208 853 (anno
1229 775 1347 839 incedo
1363 779 1438 858 post
1460 797 1490 838 a.
1506 774 1582 857 189)
1604 779 1625 837 t.
1648 779 1674 838 6.

454 875 551 942 Anno
567 878 639 959 238,
663 887 832 962 postquam
855 887 986 941 senatus
1004 878 1162 963 comperit
1177 875 1360 942 Gordianos
1383 879 1416 940 in
1432 876 1545 942 Africa
1567 888 1676 942 contra

390 979 607 1045 Maximinum
632 980 801 1064 imperium
824 981 1014 1065 sumpsisse,
1045 981 1163 1062 viginti
1192 981 1280 1044 viros
1309 1001 1351 1044 ex
1378 977 1675 1045 senatusconsulto

391 1085 436 1148 rei
467 1082 618 1169 publicae
649 1080 812 1146 curandae
840 1077 894 1164 (ef.
915 1082 992 1148 ΟΠ,
1014 1082 1109 1148 XIV
1122 1086 1223 1169 2902)
1246 1085 1377 1164 creavit,
1402 1083 1486 1147 inter
1508 1104 1589 1168 quos
1611 1082 1675 1146 fue

391 1197 468 1250 runt
494 1184 652 1251 Balbinus
679 1194 711 1248 et
732 1185 893 1250 Maximus
916 1186 1062 1251 Zosimus
1086 1191 1114 1263 1,
1138 1189 1187 1264 15,
1208 1187 1261 1253 eit.
1279 1185 1436 1251 Gordian.
1451 1191 1503 1262 10,
1521 1191 1558 1264 1,·
1579 1191 1635 1262 22,
1656 1191 1676 1250 1

391 1292 432 1372 as.
447 1290 539 1370 infra
553 1287 659 1355 adnot.
691 1289 768 1352 Post
783 1297 918 1353 mortem
934 1289 1072 1354 duorum
1088 1288 1328 1357 Gordianorum
1351 1299 1482 1354 senatus
1497 1289 1675 1354 Maximum

392 1402 424 1456 ot
445 1390 617 1457 Balbinum
642 1391 850 1475 imperatores
873 1393 998 1457 creavit
1017 1391 1193 1460 Herodian.
1209 1397 1237 1469 7,
1254 1397 1304 1469 10,
1327 1393 1381 1456 eit.
1403 1391 1560 1458 Gordian.
1576 1397 1631 1468 22,
1647 1399 1675 1468 1,

390 1495 444 1558 vit.
469 1492 562 1557 Mae.
586 1497 616 1557 et
637 1491 734 1557 Balb.
750 1497 825 1560 18.
857 1493 939 1557 lndo
961 1492 1141 1578 Imperator
1164 1493 1285 1559 Caesar
1306 1493 1347 1560 D.
1371 1492 1501 1560 Caelius
1522 1493 1676 1559 Calvinus

391 1595 549 1661 Balbinus
572 1596 739 1680 Augustus
762 1597 796 1660 in
818 1595 920 1661 titulis
940 1598 1135 1679 nmnmisque
1156 1619 1183 1662 ο.
1206 1617 1323 1680 supra;
1350 1599 1385 1661 in
1407 1619 1536 1682 papyro
1565 1597 1676 1662 titul-is·

391 1721 448 1782 que
473 1703 535 1764 1-5
560 1699 618 1764 ubi
646 1698 708 1763 duo
730 1698 870 1782 Aupnsti
897 1701 1117 1776 noraiuantur,
1142 1702 1250 1783 primo
1280 1699 1345 1765 loeo
1375 1721 1495 1784 semper
1517 1700 1677 1784 Papinius

389 1803 516 1885 positus
538 1807 591 1869 est.
635 1802 768 1867 Aestate
790 1802 858 1866 fere
880 1825 908 1867 a.
932 1803 995 1868 238
1018 1813 1154 1890 uterque
1177 1803 1344 1887 Augustus
1367 1803 1502 1868 simula
1524 1803 1676 1868 militibus

391 1905 515 1969 occisus
532 1914 580 1970 est
595 1903 874 1984 Herodi'an.8,10,
889 1907 943 1973 eit.
961 1906 1054 1970 Mea.
1071 1905 1167 1973 Balb.
1183 1911 1298 1982 13-14,
1314 1907 1367 1970 eit.
1381 1905 1537 1972 Gordian.
1549 1909 1605 1972 22.
1628 1905 1678 1970 De

393 2013 529 2090 tempore
549 2009 661 2072 mortis
682 2013 712 2071 et
734 2008 771 2072 de
792 2009 897 2092 spatio
918 2009 1046 2092 impmii
1066 2010 1108 2091 es.
1123 2030 1204 2090 quae
1224 2029 1323 2092 supra
1345 2009 1497 2074 adnotati
1511 2008 1554 2073 ad
1566 2007 1677 2073 Aeci.

550 2109 678 2164 Zosimus
696 2115 722 2175 1,
741 2115 776 2164 14
794 2115 937 2178 postquam
955 2109 1054 2165 rettulit
1072 2117 1195 2165 senatum
1210 2111 1392 2178 impariumque
1409 2127 1551 2166 romanum
1564 2109 1677 2165 Gordia-

465 2211 515 2250 nos
533 2196 677 2265 narravisse
694 2201 719 2250 et
736 2201 828 2250 eontra
841 2195 1028 2276 Maninu'pum
1047 2213 1125 2250 arma
1145 2197 1252 2265 cepisse,
1268 2197 1355 2264 perpit
1374 2197 1435 2251 inst
1454 2197 1484 2251 di
1503 2200 1574 2252 πᾶσι
1593 2207 1676 2249 ταῦτα

465 2277 566 2348 ideireo,
583 2287 807 2355 προχετρλζονται
820 2285 867 2346 τῆς
878 2287 979 2350 βουλῆς
990 2279 1096 2356 ἄνδρας
1107 2287 1196 2338 εἴκοσι
1209 2289 1377 2352 στρατηγίας
1389 2285 1552 2356 ἐμπείρους·
1570 2283 1599 2336 ἐκ
1616 2277 1677 2335 τού·

466 2387 522 2423 των
539 2363 746 2440 αὐτοκράτορας
764 2364 893 2438 ἑλόμενοι
912 2365 963 2421 dria
981 2369 1119 2436 Βαλβῖνον
1130 2371 1178 2421 καλ
1191 2363 1336 2440 Μάξιμον,
1356 2365 1615 2439 προκαταλαβόντα
1632 2367 1678 2426 τὰς

467 2457 514 2508 iul
533 2450 583 2518 seir
594 2450 702 2524 Ῥώμης
721 2451 861 2524 φερούσας
873 2451 957 2514 ὁδούς
974 2457 1029 2506 κτλ.
1048 2453 1078 2506 id
1095 2459 1133 2507 est
1150 2453 1248 2523 eipintt'
1266 2451 1321 2506 iltis
1340 2453 1416 2519 viris,
1436 2453 1484 2521 qui
1499 2469 1553 2520 pro
1565 2451 1677 2506 Gordia·

466 2539 512 2593 nis
537 2545 629 2593 eontra
654 2537 839 2592 Maximinum
861 2555 915 2592 rem
938 2540 1078 2606 imbtieam
1106 2537 1286 2605 defenderent,
1311 2537 1462 2593 Balbinum
1485 2543 1510 2593 et
1530 2537 1678 2592 Maximum

462 2627 649 2694 praesecenmt
666 2641 726 2678 mm
743 2641 847 2680 summa
864 2629 1000 2692 potestate.
1024 2623 1159 2693 (Minime
1175 2624 1244 2678 enim
1260 2624 1335 2692 apud
1347 2624 1485 2680 Ζοοίτααοτ
1503 2621 1678 2696 αὐτοκράτωρ

468 2709 535 2764 idem
548 2711 618 2762 eald
632 2715 711 2777 atque
722 2711 865 2780 Auenstne
878 2711 931 2764 siae
943 2711 1094 2778 imperator,
1114 2709 1143 2762 id
1155 2709 1226 2778 qaod
1238 2710 1281 2763 illi
1296 2726 1432 2778 nusquam
1449 2726 1506 2765 aon
1523 2711 1680 2780 exprimitur

464 2812 513 2864 per
528 2811 613 2850 uocem
630 2797 784 2864 βασιλεύς.)
821 2795 942 2865 Qrioeiem
961 2813 1078 2862 morsus
1103 2797 1234 2850 consentit
1253 2795 1418 2866 bioprapbus
1442 2797 1473 2848 in
1491 2797 1547 2850 uita
1566 2794 1678 2849 Gordia·

467 2897 561 2936 riorum
582 2885 627 2947 10,
646 2887 661 2936 1
672 2899 680 2943 ,·
696 2884 741 2948 22,
761 2888 775 2936 1
796 2883 831 2949 ef.
852 2885 895 2947 ti,
909 2885 934 2934 i.
968 2881 1150 2935 i'ertiesimnm
1169 2885 1256 2934 oriem
1274 2887 1312 2935 est
1330 2881 1360 2934 in
1378 2881 1429 2934 bae
1446 2883 1502 2936 rita
1520 2898 1576 2936 non
1593 2897 1679 2950 persea

468 2983 501 3020 oe
520 2968 693 3035 potissimum
717 2967 822 3034 quidem
848 2968 878 3020 in
900 2984 932 3022 ea
950 2972 1031 3036 parte
1052 2983 1120 3035 ariae
1137 2966 1175 3020 ad
1195 2966 1367 3022 Gordianum
1384 2965 1440 3020 ΙΙΙ
1454 2972 1554 3036 spectat
1570 2967 1680 3032 (iudea

469 3069 527 3122 cap.
539 3056 590 3118 22)
604 3059 712 3122 sumpta
724 3069 781 3108 esse
793 3069 826 3107 ee
844 3053 931 3108 cortou
943 3058 1049 3108 anemis
1064 3053 1205 3120 ruinario,
1225 3071 1243 3106 α
1261 3069 1312 3120 aiio
1326 3051 1425 3122 pendet
1438 3051 1574 3121 Zosinuis,
1592 3069 1679 3122 quem-

468 3158 548 3209 quam
563 3157 701 3210 perperam
715 3139 743 3194 id
755 3142 862 3208 nequiit
875 3139 1077 3195 Meriddssobn.
1100 3141 1190 3208 Atque
1206 3139 1379 3208 probabiliter
1397 3140 1422 3194 is
1442 3143 1536 3194 auctor
1552 3155 1571 3192 a
1584 3138 1679 3208 pleris-

468 3243 518 3294 que
532 3232 648 3294 iadatm
660 3227 747 3295 fuisse
758 3225 914 3294 Deeipims.
931 3225 1028 3294 Itaque
1043 3228 1068 3280 si
1082 3227 1255 3296 bioprapbui,
1268 3243 1345 3294 quem
1357 3227 1411 3281 sibi
1422 3227 1515 3295 ipsum
1527 3225 1680 3296 saepnsinc

469 3328 619 3380 repupnare
636 3317 728 3366 notum
746 3315 790 3376 est,
809 3327 865 3366 uno
883 3313 939 3366 loeo
957 3313 1002 3366 eit.
1016 3311 1167 3366 blaeiniini
1177 3315 1253 3377 323
1272 3313 1384 3380 scripsit
1401 3311 1519 3364 ‘addidit
1537 3310 1681 3380 Dexippus

470 3401 580 3450 tantum
599 3395 693 3450 odium
707 3393 795 3450 fuisse
808 3395 963 3462 Maximini,
977 3401 1008 3450 ut
1022 3395 1182 3451 interiectis
1195 3395 1348 3451 Gordianis
1361 3398 1465 3468 viginti
1478 3397 1554 3451 viros
1568 3399 1680 3451 senatus

469 3479 618 3546 creaverit,
638 3497 708 3549 quos
726 3485 882 3550 opponeret
899 3480 1061 3536 Maximino'
1081 3483 1171 3535 minus
1190 3489 1313 3536 camerate
1332 3483 1467 3550 bicarium
1483 3483 1551 3537 aiibi
1564 3481 1682 3550 Demppi

468 3567 625 3621 sentemiom
646 3566 783 3634 repetiisse
800 3565 909 3632 uidetur,
931 3573 971 3621 tta
992 3573 1022 3622 ut
1040 3567 1167 3621 standum
1185 3569 1222 3622 sit
1240 3569 1271 3621 in
1293 3569 1329 3622 iis
1349 3567 1381 3622 de
1399 3569 1497 3636 onibus
1516 3567 1681 3623 Zosirnnset

470 3653 636 3723 bioprapbus
654 3652 831 3708 consentiunt.

335 3746 396 3810 100
418 3741 548 3808 Caclius
578 3740 714 3816 Gursor,
746 3761 843 3824 eques
877 3741 1057 3823 Romanus,
1089 3741 1131 3805 ob
1160 3740 1243 3806 falsa
1274 3742 1450 3806 maiestatis
1484 3741 1619 3805 erimina
1651 3741 1682 3804 in

397 3845 542 3927 Magium
565 3841 785 3908 Caecilianum
815 3851 996 3928 praetorem
1025 3854 1158 3909 auctore
1180 3845 1327 3929 principe
1350 3853 1382 3908 et
1403 3844 1533 3908 decreto
1557 3851 1684 3908 senatus

397 3949 529 4033 punitus
552 3967 579 4014 a.
598 3947 636 4011 21
666 3945 740 4011 Tac.
764 3967 794 4012 a.
816 3951 846 4024 3,
869 3951 920 4012 37.

336 4053 392 4118 101
419 4049 548 4115 Caelius
564 4047 794 4130 Felicissime,
817 4050 869 4113 vir
891 4051 1050 4132 egregius,
1074 4051 1208 4115 maritus
1225 4050 1344 4116 Luriae
1359 4050 1532 4115 Ianuariae
1549 4048 1683 4113 clarissi-

396 4175 468 4218 mae
496 4151 636 4216 feminae
658 4153 704 4216 tit.
728 4153 783 4232 qni
804 4155 891 4216 estat
914 4153 947 4217 in
968 4153 1149 4218 cocuieterio
1176 4153 1310 4235 quodam
1340 4152 1586 4218 christianorum
1614 4151 1684 4216 sub-

397 4255 531 4332 urbano,
555 4254 657 4320 editus
679 4254 719 4320 ab
734 4253 926 4320 Arraellinio
945 4255 1149 4322 Groaielretta
1163 4261 1244 4322 1879
1259 4278 1296 4339 p.
1314 4260 1362 4322 76.
1394 4255 1525 4321 Videtur
1538 4254 1683 4320 christia·

396 4377 457 4423 itus
478 4358 587 4439 fuisse.

337 4463 396 4527 102
420 4469 579 4525 CAELIVS
601 4470 726 4543 FELIX,
751 4460 862 4524 consul
878 4456 1040 4539 (suffectus
1063 4483 1147 4528 anno
1169 4459 1299 4545 incerto)
1322 4484 1342 4526 a
1364 4460 1540 4527 Commodo
1565 4463 1685 4525 occisus

399 4564 485 4648 (post
507 4587 535 4631 a.
561 4564 637 4646 189)
659 4565 713 4629 eit.
734 4561 896 4630 Commodi
919 4569 946 4640 7,
967 4571 996 4628 6.
1036 4563 1113 4631 Oum
1135 4569 1245 4629 auctor
1266 4566 1350 4629 vitae
1370 4564 1491 4629 scribat
1515 4563 1688 4627 ‘interemit

402 4705 438 4714 -
464 4703 504 4712 -
535 4688 593 4731 sex
622 4666 717 4731 simul
747 4689 788 4730 ex
818 4666 1029 4750 consulibus‘,
1060 4669 1094 4732 in
1116 4668 1228 4750 auibus
1255 4667 1398 4733 Caelium
1416 4666 1557 4732 Felicem
1583 4664 1687 4743 affert,

400 4791 438 4833 ea
459 4769 555 4835 eerba
576 4769 744 4836 seeundum
760 4768 885 4834 dicendi
900 4789 992 4834 usum
1015 4770 1260 4854 bioprapborum
1282 4770 1361 4834 mibi
1381 4771 1429 4834 ita
1451 4767 1689 4852 mtmpretanda

400 4892 464 4938 esse
485 4873 639 4950 videntur,
663 4877 698 4938 ut
719 4872 997 4958 Gornnmdumjsee
1018 4874 1199 4938 consulares
1221 4873 1414 4956 interfecisse
1435 4873 1622 4956 sipnifieent.
